3902 6238
417 612 470 658 xtl
989 599 1189 649 Penursrro.

419 774 537 854 acolt
562 794 603 834 m.
629 774 691 833 alta
714 781 805 850 sunt,
837 771 998 851 glandium
1027 772 1123 850 igitur
1145 769 1321 832 crassitudo
1344 771 1478 831 maxima
1502 781 1570 832 erat
1594 772 1690 849 opto
1713 793 1758 833 m.

377 931 379 938 ,
418 878 624 957 Inscriptione
649 875 724 935 haec
741 873 871 953 quidem
895 875 1048 954 particula
1066 884 1162 935 caret.
1203 873 1321 934 Similis
1344 881 1393 934 est
1407 872 1513 934 Sicula
1537 875 1637 953 glans,
1663 893 1760 954 quam

417 978 549 1039 exbibet
577 978 700 1040 Salinas
730 973 847 1037 donati
868 976 899 1036 d.
925 979 1002 1038 last.
1036 976 1117 1036 4878
1149 975 1211 1038 tab.
1231 976 1292 1054 Fa,
1319 995 1350 1054 p.
1370 976 1423 1036 39.
1455 1009 1499 1021 -
1526 977 1605 1038 Cum
1642 979 1761 1039 multae

418 1079 581 1160 glandium
614 1099 632 1141 a
655 1099 705 1141 me
728 1080 978 1141 examinatarum
1002 1089 1064 1140 tam
1082 1080 1219 1141 Graecae
1243 1096 1337 1157 quam
1356 1080 1482 1140 Latinae
1505 1080 1673 1142 ostendant
1696 1081 1762 1141 lor-

417 1203 486 1245 mae
509 1202 585 1245 suae
608 1181 764 1261 foramen,
791 1201 854 1262 quo
877 1181 1041 1262 plumbum
1076 1180 1320 1259 infundebatur,
1348 1200 1409 1243 non
1435 1182 1467 1243 in
1490 1182 1589 1244 latere
1617 1182 1662 1263 (ut
1686 1184 1716 1243 in
1734 1184 1757 1263 4)

417 1285 474 1348 sed
499 1287 530 1345 in
553 1285 662 1347 aculeo
685 1285 811 1366 glandis
834 1285 932 1346 luisse
961 1284 1011 1366 (cl.
1036 1305 1067 1365 p.
1087 1285 1127 1345 XI
1151 1282 1290 1365 princ),
1324 1283 1426 1345 adieci
1450 1284 1605 1346 eiusmodi
1628 1286 1758 1366 lormac,

417 1389 521 1468 qualis
544 1387 611 1448 lere
641 1388 739 1449 luisse
762 1386 918 1464 videatur,
951 1387 1117 1466 imaginem
1142 1406 1233 1448 ame
1260 1386 1395 1448 ellictam
1423 1385 1487 1467 (lig.
1506 1387 1569 1467 llll.
1624 1390 1685 1449 Vix
1713 1398 1763 1450 est

418 1490 503 1571 quod
518 1508 672 1569 moneam,
699 1490 818 1551 tamin
842 1489 1046 1568 illiusquam
1071 1491 1102 1550 in
1127 1490 1221 1551 huius
1245 1490 1305 1550 ima
1323 1499 1423 1569 parte,
1451 1491 1482 1550 in
1507 1508 1569 1569 qua
1592 1489 1654 1552 duo
1678 1489 1763 1551 lora-

418 1593 504 1653 mina
527 1611 542 1653 e
565 1592 702 1672 exempli
726 1593 825 1672 gratia
849 1590 996 1670 exhibui,
1023 1591 1186 1672 singulare
1209 1591 1356 1654 sulficere
1380 1593 1412 1652 in
1435 1591 1540 1654 media
1562 1603 1651 1673 parte
1675 1594 1764 1654 inse-

419 1694 566 1757 rendum.
593 1729 632 1740 -
660 1693 767 1757 Asculi
799 1694 840 1756 ad
872 1704 993 1774 portam
1029 1695 1186 1774 geminam
1214 1696 1384 1756 Romanam
1414 1703 1446 1756 et
1468 1694 1628 1756 fornacem
1658 1704 1690 1757 et
1712 1696 1765 1756 in-

418 1808 592 1860 strumenta
616 1797 779 1878 glandium
802 1785 1055 1859 fabricandamm
1079 1798 1209 1858 inventa
1233 1816 1302 1858 esse
1326 1795 1443 1859 lerunt.
1492 1797 1582 1870 Quod
1605 1799 1632 1858 si
1656 1808 1762 1860 tamen

418 1920 529 1962 verum
554 1910 615 1981 est,
643 1901 700 1962 hoc
723 1910 845 1962 constat
868 1919 904 1961 ea
928 1902 1138 1961 instrumenta
1161 1895 1306 1980 neque'a
1329 1918 1488 1980 quoquam
1511 1899 1669 1981 descripta
1692 1918 1763 1962 esse

417 2022 522 2082 neque
545 2003 601 2065 ubi
624 2021 710 2065 nunc
733 2011 867 2081 exstent,
894 2002 1052 2082 explorari
1067 2002 1217 2081 potuisse,
1244 2003 1358 2082 ligulas
1380 2012 1484 2065 autern
1507 2004 1654 2078 ahencas,
1680 2021 1763 2083 quae

417 2105 569 2168 dicuntur
598 2104 672 2167 inde
703 2106 891 2185 provenire,
927 2103 1031 2167 lraudi
1062 2105 1204 2166 noviciae
1235 2103 1357 2166 deberi.
1419 2103 1498 2167 Vide
1528 2124 1611 2186 quae
1642 2105 1682 2167 de
1711 2105 1763 2166 his

418 2207 485 2269 dixi
508 2228 540 2288 p.
558 2209 576 2268 6
593 2227 641 2288 sq.
1412 2261 1414 2266 .

504 2312 613 2373 Forma
636 2328 693 2372 sua
709 2310 886 2374 asculanae
908 2309 1038 2390 glandes
1054 2310 1207 2372 dillernnt
1230 2331 1248 2373 a
1265 2310 1403 2390 Graecis,
1429 2309 1606 2372 minoribus
1621 2311 1764 2391 plerum·

419 2433 481 2494 que
512 2424 544 2476 et
573 2413 822 2494 elegantioribus
851 2422 884 2474 et
905 2413 988 2475 bene
1011 2413 1198 2475 acuminatis
1207 2414 1243 2494 ¹),
1278 2433 1296 2475 a
1325 2413 1443 2494 quibus
1473 2414 1616 2494 proxime
1646 2413 1764 2475 absunt

419 2516 540 2578 Pisonis
563 2515 695 2597 glandes
717 2514 853 2595 Siculae,
880 2516 975 2598 paulo
998 2503 1123 2598 longius
1142 2516 1363 2578 Perusinarum
1386 2515 1554 2595 quaedam,
1580 2534 1763 2578 cassantur

422 2617 464 2699 (n.
484 2618 534 2702 63)
562 2629 595 2681 ει
616 2637 779 2681 servs-rur
807 2617 848 2700 (n.
867 2620 918 2698 68)
946 2620 1129 2699 inscriptae.
1161 2621 1225 2680 llae
1248 2617 1431 2699 amygdalae
1454 2618 1567 2680 nucleo
1583 2629 1638 2681 aut
1661 2619 1759 2698 oleae,

418 2721 594 2784 Asculanae
624 2723 738 2802 prunis
767 2721 834 2783 lere
855 2723 976 2783 similes
998 2731 1083 2801 sunt,
1115 2720 1322 2802 quamobrem
1344 2721 1439 2800 vulgo
1458 2739 1585 2803 prupaa
1608 2720 1762 2802 appellari

418 2825 520 2886 solent
547 2823 709 2904 (Gabrielli
726 2825 809 2886 auli.
827 2818 895 2886 dett
914 2826 990 2887 last.
1012 2823 1093 2885 4879
1112 2844 1141 2904 p.
1164 2825 1249 2905 494).
1290 2825 1440 2904 lleliquas
1462 2824 1632 2886 formarum
1657 2823 1762 2886 varie-

418 2936 510 3006 tates,
536 2945 615 3006 quas
639 2927 752 2989 multas
782 2927 865 2989 sicut
887 2925 1024 2990 Graecae
1046 2929 1088 2988 ita
1112 2927 1237 2988 Latinae
1266 2926 1397 3007 glandes
1421 2909 1587 3007 exbibent,
1621 2926 1762 3007 singulas

418 3031 450 3090 b.
484 3030 505 3091 l.
540 3028 720 3091 describere
753 3029 834 3090 nibil
868 3033 997 3112 attinet,
1040 3031 1224 3110 praesertim
1254 3049 1326 3090 cum
1359 3031 1531 3092 multarum
1562 3029 1681 3110 figurae
1715 3039 1765 3090 ta-

419 3131 505 3193 bulis
527 3133 643 3193 nostris
672 3141 927 3212 repraesentatae
950 3133 1024 3194 sint.
1071 3130 1234 3212 Plerisque
1263 3132 1358 3194 binae
1380 3142 1456 3195 sunt
1478 3134 1653 3213 margines,
1680 3150 1762 3212 quae

420 3232 616 3314 respondent
637 3233 723 3296 binis
747 3233 916 3297 lormarum
932 3235 1094 3315 partibus3
1122 3233 1281 3319 margines
1304 3233 1370 3296 iere
1393 3234 1511 3297 desunt
1533 3234 1584 3311 iis,
1609 3253 1701 3313 quae,
1728 3243 1763 3296 ut

418 3337 518 3415 oleae,
543 3335 736 3398 orbiculatae
759 3338 886 3399 suntin
910 3346 999 3417 parte
1022 3337 1135 3399 media.
1181 3337 1355 3399 Nonnullae
1379 3339 1544 3419 quaternis
1567 3336 1764 3416 marginibus

420 3437 452 3500 in
477 3448 647 3518 quaternas
678 3457 769 3501 areas
799 3439 883 3500 inter
910 3458 945 3500 se
976 3439 1042 3501 lere
1069 3439 1217 3518 aequales
1246 3438 1368 3501 divisae
1399 3449 1475 3500 sunt
1502 3438 1544 3518 (n.
1564 3440 1614 3501 46.
1635 3441 1687 3501 63.
1706 3439 1760 3500 66.

419 3541 543 3603 6869.
564 3543 627 3603 669
642 3544 693 3605 66.
713 3542 765 3604 76.
785 3542 838 3604 86.
857 3543 910 3603 89.
929 3544 981 3604 99.
1000 3544 1053 3604 9ι.
1071 3543 1124 3604 96.
1144 3540 1197 3603 97.
1218 3543 1289 3604 tta.
1311 3541 1398 3622 448);
1426 3543 1523 3603 trium
1546 3561 1690 3604 arearum
1714 3552 1763 3604 est

419 3664 453 3706 n.
473 3646 512 3706 69
536 3663 572 3707 ac
595 3643 727 3707 tortasse
749 3654 825 3707 sunt
848 3645 888 3707 67
904 3654 937 3708 ει
953 3647 1004 3726 69,
1030 3653 1097 3707 octo
1120 3663 1266 3708 arearum
1288 3663 1321 3706 n.
1341 3646 1394 3705 94.
1442 3645 1620 3726 Singularis
1645 3645 1762 3707 formae

420 3758 495 3810 sunt
516 3756 580 3810 tam
602 3766 634 3809 n.
654 3749 706 3810 99.
725 3749 777 3810 93.
797 3749 849 3830 39,
876 3767 959 3831 quae
982 3767 1059 3812 sene
1081 3747 1227 3810 acumina
1251 3746 1385 3827 habent,
1416 3765 1512 3827 quam
1534 3765 1568 3810 n.
1586 3748 1617 3808 5.
1639 3749 1690 3808 l8.
1709 3748 1759 3808 49.

419 3852 473 3912 83.
493 3850 554 3913 497
575 3848 695 3933 (addi,
722 3869 856 3930 quarum
879 3852 1012 3912 alterum
1035 3851 1118 3914 latus
1140 3851 1271 3931 planum
1293 3860 1352 3929 est,
1378 3849 1461 3911 sicut
1477 3851 1509 3911 in
1525 3851 1631 3912 Sicula
1646 3853 1764 3912 Graece

420 3954 583 4033 inscripta,
609 3971 705 4032 quam
719 3951 897 4015 Antoninus
914 3954 1037 4016 Salinas
1060 3951 1160 4015 edidit
1175 3955 1208 4016 in
1224 3950 1340 4016 Annali
1353 3952 1421 4016 dett
1436 3953 1513 4014 lost.
1530 3951 1613 4013 4878
1626 3952 1690 4015 tab.
1707 3953 1727 4013 F
1743 3953 1762 4012 8

420 4065 453 4117 et
467 4076 499 4136 p.
517 4056 572 4134 33,
589 4064 646 4117 aut
667 4054 746 4117 adeo
772 4054 814 4136 (n.
836 4053 907 4136 497)
927 4056 1011 4118 latus
1028 4065 1210 4136 utrumque.
1225 4057 1404 4118 -Formas
1420 4054 1583 4135 glandium
1600 4055 1764 4136 aptissime

420 4158 617 4220 aveteribus
639 4157 788 4219 confictas
811 4176 881 4220 esse
904 4177 945 4220 ex
967 4160 1035 4238 ipsa
1060 4177 1165 4220 rerum
1188 4168 1300 4220 natura
1324 4157 1551 4220 demonstravit
1566 4156 1765 4220 Godoiredus

421 4264 554 4342 Semper
583 4280 612 4323 a.
640 4260 722 4322 4869
746 4259 857 4322 subtili
880 4263 1042 4340 acumine;
1076 4261 1243 4325 decadem
1273 4281 1306 4324 re
1329 4281 1434 4343 nuper
1456 4261 1604 4342 exposuit
1624 4261 1765 4322 lienatus

421 4364 566 4426 llerviler
581 4364 823 4444 Semperianum
841 4371 945 4426 tamen
968 4363 1111 4427 libellum
1128 4364 1277 4445 ignorans
1296 4363 1347 4444 (cl.
1367 4366 1400 4426 in
1423 4363 1530 4425 lndice
1545 4365 1733 4440 auctorum).

507 4466 632 4529 Pondus
646 4467 698 4529 vel
714 4485 881 4529 mensuras
895 4468 1126 4548 permultarum
1142 4469 1210 4530 suis
1233 4468 1309 4530 locis
1325 4467 1472 4530 adnotata
1488 4467 1642 4547 reperies.
1678 4467 1767 4526 Piso-

420 4571 534 4633 nianae
554 4569 597 4652 (n.
618 4569 645 4652 4)
672 4569 754 4631 siout
773 4571 963 4632 Graecarum
986 4571 1160 4652 pleraeque
1182 4569 1298 4633 ceteris
1320 4571 1459 4632 minores
1481 4579 1556 4631 sunt
1578 4570 1662 4630 inter
1675 4569 1715 4629 3t
1733 4578 1766 4629 et

421 4675 461 4735 46
478 4693 525 4754 gr.
544 4671 733 4754 pendentes.
751 4707 795 4718 —
808 4671 985 4736 Asculanae
1009 4673 1179 4754 CCXXXV,
1204 4691 1286 4753 quae
1302 4693 1320 4735 a
1335 4671 1428 4734 nobis
1451 4690 1533 4734 anno
1550 4670 1633 4733 4877
1656 4680 1766 4733 erutae

420 4786 504 4852 sunt,
537 4775 679 4856 pendent
702 4775 806 4838 44677
831 4795 880 4858 gr.
911 4775 1006 4856 (unde
1028 4777 1156 4858 pondus
1177 4775 1318 4837 medium
1341 4774 1479 4838 allicitur
1503 4774 1553 4854 47,
1566 4795 1592 4836 ιε
1615 4771 1692 4856 gr.);
1725 4773 1766 4835 iis

420 4889 623 4942 accesserunt
652 4878 735 4942 duae
762 4879 881 4941 moduli
913 4899 1021 4942 rarum
1051 4881 1084 4942 in
1108 4878 1236 4942 modum
1267 4881 1372 4960 magni
1395 4899 1458 4942 una
1483 4879 1542 4939 496
1567 4897 1629 4960 gr,
1667 4879 1766 4940 altera

423 4982 482 5044 476
500 5002 546 5064 gr.
573 4981 768 5064 pendentes,
799 4991 832 5044 et
853 4982 947 5045 tertia
970 4983 1102 5044 minima
1125 4983 1165 5045 96
1183 5001 1229 5062 gr.
1254 4981 1400 5063 pendens
1423 4981 1474 5064 (cl.
1498 4981 1580 5044 nott.
1600 4981 1667 5044 dett
1685 4983 1762 5042 last.

423 5084 504 5146 4877
528 5105 561 5165 ρ.
580 5083 667 5166 476).
692 5121 736 5131 -
758 5086 929 5147 Perusinae
959 5085 1091 5165 glandes
1118 5083 1242 5146 mediae
1273 5083 1339 5147 lere
1368 5094 1444 5146 sunt
1473 5084 1557 5146 inter
1583 5085 1705 5147 Siculas
1734 5093 1768 5144 et

492 5240 516 5302 ι)
533 5238 672 5304 Plerisque
685 5241 851 5290 Graecarum
863 5237 951 5290 lorma
963 5241 1005 5290 est
1017 5238 1094 5302 talis,
1108 5242 1139 5290 ut
1151 5241 1246 5303 sectio,
1258 5251 1328 5304 quae
1339 5238 1369 5290 llt
1379 5251 1430 5305 per
1441 5251 1519 5290 axem
1532 5202 1677 5298 minorem,
1690 5235 1768 5288 exbi-

423 5326 485 5376 heat
503 5324 599 5376 orbem
612 5325 653 5376 vel
673 5327 716 5376 ovi
735 5324 863 5388 liguram
886 5327 912 5376 in
932 5327 1027 5390 paucis
1045 5326 1153 5377 rhombi
1171 5328 1219 5377 aut
1230 5327 1355 5390 quadrati
1374 5324 1527 5388 orthogonii
1540 5323 1624 5388 figura
1638 5321 1765 5378 allicitur.
