3930 6224
688 629 847 682 GLANDES
867 629 1022 684 orruisti.

76 893 80 900 .
178 815 233 871 62*
248 819 337 886 [Corp.
353 817 390 870 ix
410 816 485 883 tw}
506 821 532 870 14
552 833 649 872 museo
667 821 844 874 Kircheriano
863 836 890 872 4.
903 825 965 873 444.

756 921 825 965 lineis
838 921 953 964 exseretis

844 995 869 1032 441

182 1078 332 1144 Descripsi.
351 1100 387 1116 -
403 1076 560 1130 4414444444
577 1078 790 1131 delineationem
806 1079 850 1131 ed.
864 1079 981 1131 Pahretti
993 1079 1073 1144 corp.
1088 1081 1109 1130 1.
1123 1078 1181 1131 1441.
1202 1092 1229 1130 n.
1242 1083 1308 1130 4444
1328 1078 1529 1140 4144414414,

183 1164 319 1229 ltuggiaro
337 1162 422 1216 catal.
443 1175 471 1216 n.
486 1165 545 1215 444.

235 1250 320 1302 Glans
333 1253 374 1301 est
384 1250 496 1315 antiqua
514 1251 615 1315 speciei
628 1250 794 1315 Asculacae,
814 1253 863 1304 sed
881 1251 970 1304 littera
983 1253 1086 1304 recenti
1103 1254 1226 1317 tempore
1240 1252 1334 1304 incuso
1348 1253 1397 1303 ost.
1434 1259 1450 1301 44
1470 1249 1530 1302 tort.

183 1339 293 1403 sumpta
311 1337 352 1387 est
370 1348 403 1388 ex
421 1348 534 1388 nummo
551 1337 636 1402 4)(44
656 1335 834 1401 (4444444411
851 1351 874 1390 s.
888 1349 916 1389 v.
929 1337 1041 1402 Asculi,
1060 1338 1108 1403 qui
1126 1351 1187 1389 esse
1199 1337 1351 1390 Asculanus
1364 1339 1484 1403 putatur.
1497 1363 1532 1372 —

182 1421 303 1474 Fabretti
321 1425 348 1473 et
364 1422 496 1487 huggiero
514 1422 549 1474 dc
567 1424 724 1475 sinceritate
741 1437 797 1475 non
815 1423 1020 1476 dubitaverunt.

180 1571 259 1629 ota*
274 1574 527 1644 [Corp.1iliibo*]
556 1590 613 1643 rep.
634 1578 753 1630 44144114
771 1591 887 1644 4444444,
913 1580 962 1644 qui
985 1579 1097 1632 donavit
1115 1591 1209 1631 museo
1232 1580 1368 1630 societatis
1386 1577 1533 1630 historicae

217 1663 431 1716 Ansbachensis.
475 1663 608 1724 Quattuor
633 1677 759 1716 arearum
784 1668 880 1717 44444
902 1666 1059 1718 Perusinae.
1104 1665 1207 1717 Pendet
1232 1669 1292 1730 65,s
1311 1678 1364 1729 gr.;
1390 1665 1469 1729 longa
1492 1666 1534 1715 444

221 1751 313 1813 4444,
334 1762 427 1802 crassa
446 1752 525 1810 4444
544 1753 572 1802 et
591 1753 679 1814 4444.

779 1851 852 1894 144144
865 1853 930 1894 eunt:

546 1936 556 1979 4
919 1935 933 1981 8
1003 1945 1090 1989 tulmen

545 2017 800 2108 29-
845 1938 873 2110 )(
917 2037 933 2084 ι

187 2160 324 2225 Descripsi
341 2173 357 2210 a
374 2161 505 2210 societate
524 2161 639 2224 benigne
657 2163 778 2214 missam.
795 2189 826 2201 -
846 2163 927 2215 1441.
942 2161 1283 2215 (4.1)4144444444444444441
1301 2165 1346 2214 444
1357 2163 1415 2214 hist.
1429 2162 1533 2214 Vereins

186 2249 215 2297 44
233 2245 428 2310 4441414444444
447 2247 513 2296 4844
532 2249 691 2311 plectit
712 2248 808 2313 (Bergk
827 2249 946 2300 Schteod.
965 2263 994 2316 p.
1007 2253 1052 2300 si.
1065 2252 1108 2300 44.
1122 2251 1172 2314 bi).

239 2331 322 2383 Giano
339 2333 411 2397 ipsa.
438 2331 563 2396 robigine
583 2331 738 2398 ferruginea
762 2332 883 2397 obtecta,
903 2336 1014 2401 antiqua
1038 2338 1080 2387 444
1103 2348 1135 2387 44
1159 2334 1273 2387 tortasse
1296 2336 1323 2385 in
1348 2336 1420 2386 areis
1448 2335 1533 2384 4414

188 2420 316 2483 antiquae
334 2415 438 2482 figurae
455 2417 641 2470 litterarumre
659 2421 773 2485 vestigia
791 2420 912 2474 exhibet.
941 2422 995 2473 Sed
1013 2422 1155 2486 inscriptio
1176 2423 1206 2484 Q.
1222 2422 1271 2472 Titi
1288 2422 1387 2487 444444)
1406 2421 1464 2472 Vet
1482 2417 1537 2471 441-

187 2504 270 2554 minis
287 2503 374 2568 ligura
389 2504 528 2569 (Medusae
541 2507 694 2570 copulasse
709 2508 816 2572 potavit
828 2507 931 2572 Ptister)
950 2508 1121 2575 scariphatae
1134 2511 1225 2560 sunta
1244 2507 1361 2576 leiserio.
1380 2533 1415 2544 -
1434 2508 1535 2557 Puncta

188 2590 221 2641 ud
239 2588 325 2655 podes
343 2588 495 2640 litterarum
513 2591 602 2657 posita
620 2595 693 2655 sunt,
714 2592 785 2643 siout
802 2605 885 2658 sopra
902 2592 1023 2646 exhibui.

186 2739 238 2795 63·
252 2739 341 2810 [Corp.
354 2744 390 2795 tx
410 2741 506 2809 iiob']
526 2759 601 2796 nunc
619 2745 747 2798 Erbachii
766 2749 793 2797 in
812 2761 908 2800 museo
927 2749 1044 2800 comitis.

684 2847 768 2889 litteris
782 2848 909 2890 incutiendo
922 2849 1038 2891 4444444444

765 2996 768 3000 ⁴
824 2938 897 2983 40444

188 3037 340 3104 Descripsi;
367 3038 456 3101 prima
479 3039 534 3088 tam
553 3051 561 3088 r
579 3051 662 3104 quam
681 3052 695 3088 r
719 3051 779 3091 esse
801 3043 902 3106 potest.
919 3065 956 3080 —·
980 3039 1063 3093 (ilaus
1081 3040 1224 3093 Asculanis
1242 3039 1339 3092 similis
1357 3041 1411 3103 est,
1432 3038 1537 3090 14444444

189 3123 316 3174 noviciae
334 3124 405 3174 sunt.

706 3299 1017 3309 —un--——

469 3505 649 3601 Glandcc
681 3505 1008 3590 Vinceuzinc‘onae
1037 3503 1248 3588 (444-8141).Ι

189 3667 242 3724 64·
269 3671 358 3740 [Corp.
372 3673 409 3724 tx
429 3670 507 3738 tw]
532 3673 676 3726 44444414
694 3675 730 3726 ab
747 3689 773 3727 4.
787 3676 850 3727 4444
870 3679 934 3726 1844
955 3676 1055 3726 missae
1068 3675 1185 3726 Parisios
1203 3675 1238 3726 44
1253 3675 1472 3736 Penardentium,
1491 3676 1538 3740 qui

226 3771 321 3810 aarum
345 3757 490 3824 plerasque
511 3773 575 3811 oum
599 3774 694 3812 museo
711 3761 880 3813 Beroliueusi
902 3761 1033 3813 emendas
1056 3761 1214 3825 obtulisset,
1240 3775 1289 3828 per
1305 3760 1415 3826 aliquod
1432 3763 1540 3827 tempus

226 3844 264 3896 ihi
283 3844 433 3896 custoditae
457 3843 579 3911 luerunt;
612 3846 712 3898 444444
734 3849 875 3900 restitutae
893 3847 1073 3899 Fauardentio
1095 3847 1169 3913 apud
1194 3862 1256 3899 eum
1281 3848 1441 3899 adservatae
1463 3849 1536 3898 sunt.

225 3928 279 3979 Vbi
297 3941 370 3980 nunc
388 3931 446 3981 sivo
465 3944 560 3983 ornnes
578 3934 636 3984 sive
655 3945 689 3982 44
705 3936 783 3999 parte
802 3935 915 3996 exstent,
937 3931 1005 3983 intra
1024 3932 1080 3984 dixi
1097 3947 1124 3998 p.
1141 3936 1199 3984 448.

228 4018 329 4065 4-644
347 4016 387 4066 414
405 4029 499 4067 aarum
513 4019 617 4082 origine
635 4019 702 4070 haec
721 4018 875 4082 traduntur,
896 4017 1540 4084 4441144441)444444444414444444444444444

264 4101 350 4152 relata
368 4099 402 4151 ab
421 4114 508 4166 eoque
526 4105 728 4155 communicata
748 4118 811 4155 cum
830 4105 1013 4168 Desjardinio:
1314 4113 1318 4124 ·

230 4191 291 4236 4-4
300 4191 327 4236 44
347 4194 496 4249 prooenont
507 4191 551 4239 444
563 4194 680 4241 travano
693 4191 724 4240 de
743 4195 928 4242 terrossuneot
944 4191 1074 4254 entreprio
1091 4191 1245 4242 reconvenerit
1258 4189 1275 4240 4
1286 4189 1371 4241 444414
1388 4201 1541 4241 4444444444

263 4271 359 4324 lasci
382 4272 468 4336 (4844)
486 4287 512 4340 p.
527 4278 551 4324 4.

230 4361 366 4409 444-444
394 4359 472 4424 (quas
496 4373 560 4410 cum
582 4359 643 4410 aliis
662 4364 693 4410 ot
713 4359 811 4412 Asculo
830 4362 929 4413 missas
947 4361 1141 4413 Feuardeutius
1159 4362 1266 4425 accepit
1284 4364 1316 4410 46
1335 4361 1384 4412 141.
1400 4361 1475 4422 4844)
1498 4367 1543 4412 ont

265 4445 304 4495 444
321 4447 439 4496 44444444
457 4446 485 4496 io
499 4446 610 4510 ptoport
626 4447 694 4497 duos
712 4448 735 4497 le
753 4449 782 4498 lit
799 4448 836 4497 du
851 4450 916 4511 petit
933 4461 1011 4498 couri
1028 4445 1104 4498 rt'eou
1122 4449 1174 4510 oui,
1195 4451 1297 4499 corlant
1316 4449 1346 4497 44
1365 4448 1391 4497 14
1408 4448 1491 4498 vatus
1508 4449 1540 4498 de
1596 4457 1598 4460 ·

267 4529 414 4582 castellone
434 4531 527 4595 [immo
550 4529 725 4596 4444444444),
755 4546 784 4584 re
800 4536 866 4596 jette
889 4535 996 4584 444414
1018 4533 1113 4584 Tronto
1129 4546 1191 4583 4444
1214 4534 1237 4583 te
1259 4546 1334 4583 mers
1351 4531 1462 4584 d'Arcoli
1481 4546 1542 4584 oss-

263 4629 368 4666 4444444
386 4614 479 4666 tascii
500 4617 588 4680 14874)
608 4631 634 4684 p.
648 4621 690 4668 at.

266 4786 288 4846 4)
316 4787 392 4838 Sicut
416 4788 442 4838 io
467 4787 595 4855 Corporis
613 4789 667 4840 vol.
682 4790 719 4841 IX
737 4803 763 4856 p.
778 4787 911 4857 sstsqq„
937 4793 974 4842 ita
998 4791 1044 4842 hic
1067 4804 1176 4856 quoque
1202 4789 1246 4854 (cl.
1267 4804 1337 4856 quae
1362 4790 1418 4842 dixi
1441 4789 1541 4856 pito)

195 4871 335 4937 glandium
353 4873 625 4926 Vincenzinianerum
650 4875 795 4927 elenchum
819 4889 874 4927 non
898 4877 1043 4941 adscriptis
1066 4889 1160 4928 aarum
1179 4876 1401 4941 inscriptionibus
1419 4874 1540 4936 exhibui,

194 4958 243 5009 sed
271 4957 428 5022 significatis
454 4973 503 5026 par
529 4963 719 5012 remissionem
746 4961 781 5013 ad
805 4963 923 5013 indicam
950 4963 998 5028 qui
1025 4963 1149 5027 sequitur
1174 4975 1224 5027 per
1250 4962 1352 5014 litteras
1381 4975 1544 5013 numerosve

194 5045 360 5109 imaginesve
378 5045 523 5109 digestum.
561 5047 664 5099 Eadem
683 5047 760 5112 glans
777 5048 825 5099 ubi
844 5048 913 5099 duas
932 5049 1056 5112 pluresve
1074 5049 1264 5112 inscriptiones
1283 5048 1374 5110 habet,
1394 5051 1452 5099 sive
1469 5047 1543 5112 quod

194 5129 273 5196 ptura
292 5131 376 5182 latera
394 5132 526 5197 iuscripta
543 5137 616 5196 sunt,
637 5135 695 5186 sive
708 5134 747 5198 (id
759 5134 833 5199 quod
852 5133 990 5185 interdum
1008 5136 1136 5198 eventila
1154 5132 1262 5184 44144444
1280 5135 1353 5186 idom
1371 5134 1442 5186 latus
1454 5131 1543 5184 denuo

195 5227 293 5266 cusum
318 5219 373 5279 est,
398 5218 434 5269 ad
457 5219 551 5283 plures
576 5220 674 5272 indicis
697 5219 772 5272 locos
796 5221 898 5272 remitti
925 5224 1139 5272 consentaneum
1162 5222 1216 5283 444,
1243 5221 1381 5288 example,
1408 5233 1479 5287 qirae
1500 5220 1544 5270 in·

196 5303 360 5366 scriptiones
377 5303 487 5356 aliunde
506 5306 571 5357 satis
589 5307 668 5360 notos
686 5307 778 5357 minus
796 5307 876 5373 plene
894 5305 1037 5368 exhibent,
1061 5305 1088 5356 in
1105 5305 1160 5358 hoc
1178 5305 1292 5358 elencho
1309 5307 1471 5373 plerumque
1488 5318 1545 5356 non

197 5388 393 5440 discernuntur
410 5403 426 5441 a
445 5391 554 5442 ceteris.
