3922 6240
431 621 479 690 44
912 627 1071 678 ohannes
1089 626 1295 677 asovnauan

433 747 1775 776 --.-.--———-———-—--—-———

430 840 568 897 habetet
591 839 621 891 in
643 839 707 891 octo
731 846 813 887 areas
836 828 927 883 divisa
949 832 1009 891 est;
1040 826 1070 879 in
1091 829 1216 894 utroque
1238 823 1327 877 latere
1350 821 1444 877 lineae
1470 821 1641 878 decussatae
1664 829 1776 880 exstant

430 959 488 1000 non
510 939 657 997 absimiles
681 935 814 1008 pugionis
836 932 956 996 iormae,
983 929 1104 998 quaein
1124 926 1188 981 aliis
1209 928 1363 996 reperitur,
1391 927 1445 980 nisi
1469 925 1548 994 quod
1571 926 1677 981 inillis
1700 927 1775 982 linea

430 1050 596 1100 transversa
618 1042 679 1097 iere
709 1053 768 1096 non
794 1039 824 1090 in
846 1032 942 1088 media
964 1031 1068 1102 glande
1090 1035 1183 1084 exstat
1206 1030 1285 1084 etin
1308 1026 1522 1096 exemplaribus
1550 1026 1626 1084 bene
1653 1045 1776 1086 conser-

428 1149 503 1203 vatis
525 1161 583 1200 non
605 1158 699 1214 usque
722 1140 759 1195 ad
780 1139 926 1208 margines
947 1132 1089 1203 perducta
1112 1137 1167 1187 est.
1213 1131 1289 1186 Num
1312 1133 1428 1186 omnino
1451 1145 1514 1186 rem
1536 1130 1662 1201 aliquam
1685 1135 1776 1202 signi·

430 1251 506 1318 ficet,
534 1264 591 1303 non
615 1248 709 1300 minus
732 1243 874 1297 incertum
897 1242 941 1293 est
963 1251 1051 1306 quam
1075 1235 1265 1305 insequenti.
1283 1263 1325 1272 -—
1341 1233 1500 1290 Garruccio
1521 1227 1581 1308 (qui
1603 1235 1639 1290 ad
1662 1250 1693 1292 n.
1713 1240 1772 1292 969

428 1353 466 1407 dc
496 1351 541 1405 his
571 1349 669 1419 liguris
698 1335 835 1416 loquitur)
869 1347 937 1397 sunt
970 1336 1110 1394 »funiculi
1140 1335 1294 1391 fundarum
1323 1335 1371 1390 alii
1400 1336 1471 1393 alios
1487 1336 1661 1393 scandentes
1684 1340 1721 1392 ita
1743 1345 1777 1394 ut

427 1455 558 1526 plagulas
582 1458 610 1509 et
632 1450 760 1506 maculas
786 1445 972 1513 scutulasque
995 1441 1134 1496 efficiant:
1172 1445 1351 1509 quapropter
1372 1439 1479 1494 fundae
1509 1442 1539 1494 in
1560 1440 1667 1507 medio,
1695 1441 1774 1511 quod

428 1565 472 1614 est
487 1557 680 1618 reticulatum,
707 1548 816 1606 scutale
831 1551 964 1603 vocant«.
1005 1544 1076 1598 item
1092 1541 1184 1597 hiessi
1200 1541 1300 1597 lettera
1324 1545 1402 1597 1616
1421 1557 1450 1612 p.
1470 1545 1508 1598 at
1533 1540 1648 1598 Siculae
1663 1543 1775 1613 glandis

428 1661 548 1731 liguram
582 1651 700 1733 (tulmen
729 1657 761 1709 ut
789 1651 908 1721 opinor,
945 1648 983 1703 61.
1017 1647 1079 1700 eius
1108 1642 1168 1700 tab.
1194 1637 1214 1719 1)
1250 1643 1276 1698 16
1304 1643 1355 1715 fila
1384 1643 1429 1699 del
1457 1643 1546 1716 fondo
1570 1646 1656 1700 d'una
1677 1647 1773 1718 fiondo

428 1765 633 1834 interpretatus
661 1762 733 1814 erat.
785 1752 821 1808 ht
851 1753 949 1821 plures
979 1747 1098 1805 funiculi
1128 1747 1287 1812 decussati,
1325 1752 1358 1802 ut
1386 1752 1453 1802 sunt
1479 1749 1549 1802 retis
1571 1749 1713 1816 maculae,
1745 1751 1775 1805 in

429 1865 505 1920 nulla
535 1862 639 1935 glande
669 1859 854 1930 reperiuntur
882 1861 910 1910 ct
932 1855 1049 1909 omniuo
1073 1850 1250 1905 reticulatam
1273 1849 1362 1904 inisse
1385 1848 1492 1905 fundae
1516 1849 1640 1905 mediam
1662 1858 1774 1921 partem

428 1983 525 2038 neque
557 1966 680 2022 traditur
713 1976 808 2031 neque
839 1973 894 2028 per
923 1971 955 2010 se
984 1952 1161 2010 verisimile
1184 1958 1238 2008 est.
1285 1951 1401 2007 Scutale
1422 1958 1519 2007 autem
1541 1953 1611 2022 quid
1633 1955 1775 2025 significet

427 2072 506 2127 Ltvto
535 2063 580 2144 (ex
606 2081 681 2137 quo,
707 2068 739 2119 ut
761 2064 873 2133 opinor,
900 2059 1055 2115 Charisius·
1069 2071 1099 2124 p.
1129 2059 1198 2124 tta,
1220 2057 1258 2111 at
1282 2053 1356 2109 Keil.
1380 2048 1546 2126 memorat),
1575 2071 1634 2112 non
1656 2061 1773 2115 omnino

427 2171 547 2243 quidem
575 2173 702 2235 constat,
740 2164 790 2220 sed
817 2169 867 2230 38,
888 2166 926 2219 29
955 2153 1007 2236 §6
1038 2157 1191 2229 probabile
1221 2162 1264 2212 est
1293 2171 1358 2212 esse
1386 2154 1530 2212 habenam
1560 2157 1666 2213 fundae
1693 2160 1773 2216 corio

428 2274 545 2340 tactam;
587 2271 678 2326 altero
708 2269 771 2323 loco
807 2261 868 2337 (ta,
889 2268 927 2320 66
951 2255 968 2338 ξ
988 2255 1051 2338 16),
1083 2261 1106 2315 si
1136 2261 1233 2315 Livius
1263 2261 1305 2314 sic
1335 2259 1427 2324 suada
1448 2260 1543 2314 media
1572 2260 1628 2317 duo
1651 2263 1774 2318 scutalia

427 2378 543 2449 inparia
574 2367 865 2448 [duoeumaliaiapari
891 2358 993 2440 codex]
1024 2362 1144 2419 babebat
1173 2363 1305 2432 scripsit,
1337 2361 1561 2431 descriptionem
1589 2361 1774 2434 Polybianam

433 2473 520 2551 (apud
543 2476 661 2531 Suidam
683 2491 712 2530 v.
738 2465 869 2549 νέστρος,
896 2486 927 2539 p.
956 2471 1047 2533 1163,
1079 2470 1113 2522 13
1139 2459 1266 2540 Hultsch)
1301 2479 1455 2534 perperam
1485 2465 1688 2536 interpretatus
1712 2472 1769 2536 est;

427 2583 451 2636 is
467 2582 559 2636 enim:
585 2576 685 2648 τοῦτο,
710 2569 790 2632 δυεῖν
806 2561 912 2629 κώλων
934 2557 1043 2645 (κάλων
1060 2562 1159 2644 codd.)
1181 2556 1290 2623 ἀνίσων
1311 2551 1506 2644 ὑπαρχόντων
1521 2563 1574 2644 τῆς
1596 2561 1772 2646 σφενδόνης,

427 2676 470 2748 εἰς
499 2671 532 2738 τὸ
561 2675 650 2758 μέσον
680 2668 888 2756 ἐνηγνυλίζετο
917 2671 976 2729 τῶν
999 2659 1102 2728 κώλων
1136 2657 1247 2746 (κάλων
1270 2663 1370 2744 codd.)
1397 2656 1536 2742 εὐλύτως,
1570 2673 1591 2726 i.
1614 2686 1642 2727 e.
1668 2671 1773 2728 fundae

427 2785 486 2842 duo
516 2782 647 2840 membra
670 2783 781 2851 inparia
813 2784 904 2846 erant,
940 2779 968 2832 in
999 2790 1125 2845 quorum
1148 2770 1345 2828 membrorum
1367 2771 1464 2827 media
1485 2779 1568 2843 parte
1590 2775 1681 2830 telum
1704 2775 1774 2832 illud

432 2878 719 2964 (cestrosphendone)
740 2873 933 2939 inserebatur.
967 2876 1021 2934 Ubi
1037 2879 1099 2932 sive
1121 2875 1192 2931 illud
1208 2861 1309 2931 κάλων
1329 2869 1389 2944 (aut
1403 2876 1498 2945 potius
1512 2863 1628 2953 κώλων)
1645 2875 1774 2934 habenas

433 2985 472 3064 (td
503 2989 582 3060 quod
618 2987 688 3042 mihi
714 2985 872 3056 probatur,
910 2980 947 3038 61.
978 2978 1081 3035 Strabo
1110 2978 1147 3033 111
1177 2994 1207 3049 p.
1238 2979 1295 3034 168
1318 2976 1350 3032 C.
1377 2965 1571 3055 μανρὸνωλον
1601 2973 1678 3056 κτλ.)
1712 2983 1772 3036 sive

428 3093 510 3148 aliter
533 3090 728 3162 explicamus,
755 3089 811 3145 hoc
834 3091 946 3142 certum
969 3089 1028 3151 est,
1065 3097 1114 3138 eas
1137 3096 1194 3138 non
1217 3083 1247 3134 in
1269 3079 1364 3135 media
1387 3079 1475 3135 lunda
1498 3080 1586 3137 luisse
1610 3087 1638 3138 et
1661 3099 1772 3139 errasse

427 3196 548 3250 Livium.

427 3409 472 3475 40
489 3410 542 3493 [ὲ
559 3415 644 3486 Corp.
663 3415 702 3469 tx
725 3429 755 3468 n.
776 3415 869 3480 6086,
888 3402 933 3484 xa]
969 3411 978 3462 1
1011 3399 1091 3482 [olim
1114 3405 1191 3477 apud
1206 3404 1410 3475 Santangelum
1431 3421 1461 3461 n.
1479 3410 1507 3474 9,
1534 3417 1656 3463 nuncin
1672 3422 1773 3464 museo

512 3517 701 3588 Neapolitano
716 3530 746 3569 n.
766 3505 871 3586 ttatl.
912 3509 1021 3566 Pendet
1039 3513 1076 3567 66
1092 3526 1151 3581 gr„
1173 3508 1257 3577 longa
1275 3511 1383 3575 uota,
1403 3523 1499 3564 crassa
1517 3512 1590 3575 0,02
1608 3515 1637 3564 et
1655 3514 1767 3578 o,0tt;

512 3619 644 3690 robigine
666 3616 741 3673 llava
762 3617 919 3671 incrustata
943 3618 996 3669 cst.

474 3729 489 3782 2
514 3725 544 3779 in
567 3723 671 3779 Piceno
694 3738 758 3792 rep.
784 3731 867 3773 σειν.
894 3734 925 3788 p.
946 3721 976 3773 s.

430 4498 461 4550 t:
487 4493 558 4550 Tab.
572 4494 621 4549 Vll
641 4497 689 4551 ta.
726 4493 790 4550 Vidi
812 4500 841 4551 et
862 4510 951 4565 supra
974 4494 1101 4551 exhibui.
1139 4497 1172 4550 ln
1193 4509 1295 4550 aversa
1318 4499 1400 4563 parte
1423 4507 1481 4549 non
1502 4490 1578 4547 bene
1602 4493 1771 4548 conservata

469 4602 549 4654 certe
572 4611 650 4652 nunc
672 4595 744 4651 nihil
766 4599 906 4653 cernitur.

428 4704 443 4756 2
467 4698 579 4754 Delfica
601 4701 632 4754 in
657 4697 755 4755 tabula
782 4695 830 4774 (ci.
849 4715 880 4769 p.
900 4705 917 4757 6
942 4706 971 4756 et
994 4694 1042 4775 to)
1069 4716 1137 4755 acre
1159 4699 1280 4755 incisam
1303 4696 1419 4753 exhibet
1441 4695 1626 4766 praecedenti
1648 4696 1772 4752 similem

474 4795 520 4878 (an
543 4796 710 4877 eandemt).

511 4937 573 4994 Alia
606 4938 739 5010 exempla
772 4938 864 4995 hahes
899 4941 928 4995 in
957 4940 1092 5010 sequenti
1129 4945 1158 4994 et
1190 4937 1293 5008 glande
1329 4937 1446 5007 originis
1482 4937 1612 5006 ignotae,
1649 4935 1772 4992 fortasse

424 5039 596 5114 asculanae,
624 5056 652 5097 u.
677 5045 747 5098 113.

515 5145 597 5200 Vezzi
618 5144 683 5200 dett
700 5146 822 5218 artefice,
849 5162 864 5202 e
886 5146 916 5202 di
937 5147 1027 5201 niuno
1048 5161 1115 5200 cosa
1137 5145 1287 5200 indicativi
1301 5142 1421 5199 Delfico.
1470 5142 1603 5197 Fortasse
1626 5141 1773 5196 imitantur

425 5246 593 5318 amygdalae
608 5248 732 5318 prunive
748 5248 882 5304 nucleum
904 5240 951 5324 (61.
969 5264 1092 5319 granum
1115 5246 1216 5302 hordei
1232 5248 1358 5302 nummis
1375 5250 1632 5315 repraesentatum,
1660 5259 1705 5298 ex.
1724 5257 1769 5311 gr.

425 5351 478 5405 Aes
500 5365 588 5418 prove
610 5350 658 5406 det
679 5367 775 5408 museo
798 5352 894 5407 Kirch.
923 5351 990 5407 cl.l
1013 5357 1035 5407 t.
1054 5351 1093 5405 tx
1112 5343 1155 5422 6).
