3902 6238
438 601 501 648 xiv
1010 591 1209 642 PRAEFATIO.

434 763 621 826 foraminum
651 765 738 844 origo
766 782 847 825 esse.
894 764 970 824 Nam
994 763 1144 824 Vittorius
1175 761 1430 842 archipresbyter
1452 765 1692 844 Magnanensis,
1724 768 1779 844 qui

434 868 566 929 Nisseno
590 867 733 945 mihique
755 886 783 927 a.
812 867 892 926 4864
918 865 1071 927 eiusmodi
1095 863 1226 943 glandes
1248 866 1451 942 monstravit,
1477 866 1611 926 rusticos
1634 868 1703 929 eius
1726 886 1779 928 40-

434 971 535 1048 gionis
559 969 697 1030 narravit
720 968 851 1048 glandes
877 988 934 1048 pro
959 967 1106 1029 amuletis
1128 977 1252 1048 portare
1277 976 1309 1028 et
1331 966 1370 1028 ad
1394 969 1451 1028 boc
1474 968 1637 1048 periurare
1661 970 1776 1031 solere.

433 1071 524 1135 Adde
546 1091 627 1152 quae
651 1071 742 1132 attuli
766 1091 798 1151 p.
817 1073 886 1132 XXI
910 1080 941 1132 ct
962 1090 994 1150 p.
1013 1072 1106 1131 Xllll.

521 1175 551 1236 4.
584 1177 687 1253 Longe
718 1174 887 1254 plerasque
917 1172 1049 1255 glandes
1080 1193 1098 1234 a
1128 1171 1292 1235 veteribus
1323 1193 1386 1235 non
1416 1172 1513 1236 404000
1542 1175 1710 1256 inscriptas
1738 1175 1779 1238 de

434 1278 557 1338 Picenis
579 1275 710 1356 quidem
733 1286 818 1338 certo
842 1285 1036 1356 compertum
1060 1285 1108 1337 est
1130 1275 1351 1338 effossionibus
1373 1276 1488 1340 nostris
1509 1275 1558 1357 (04.
1578 1298 1611 1358 p.
1630 1279 1649 1339 5
1665 1277 1777 1360 0440).

435 1379 521 1440 ldem
544 1378 584 1440 de
615 1379 748 1458 reliquis
777 1378 907 1441 sortasse
939 1387 1023 1440 recte
1046 1378 1211 1456 statuitur,
1243 1377 1300 1439 sed
1323 1397 1374 1439 res
1399 1380 1517 1441 incerta
1540 1389 1589 1442 est
1611 1389 1780 1460 propterea

436 1481 521 1562 quod
550 1483 617 1543 lere
648 1501 709 1542 non
740 1491 957 1544 memorantur
987 1481 1218 1560 colligunturve
1241 1481 1301 1542 nisi
1324 1500 1400 1558 eae,
1439 1500 1520 1562 quae
1543 1483 1779 1562 inscriptionem

435 1586 486 1646 vel
510 1585 681 1664 imaginem
703 1584 867 1645 exhibent.
914 1583 991 1645 lnde
1014 1584 1098 1645 enim
1123 1581 1240 1645 lactum
1263 1601 1332 1644 esse
1355 1591 1469 1663 potest,
1495 1583 1582 1664 quod
1605 1587 1637 1646 in
1662 1587 1780 1647 4000040

435 1688 650 1768 anepigrapha
680 1687 827 1768 exempla
858 1705 919 1748 non
949 1705 1048 1767 pauca
1082 1683 1213 1766 quidem
1245 1705 1284 1747 ex
1305 1686 1376 1747 aliis
1399 1687 1566 1748 territoriis
1600 1685 1661 1770 (ex.
1687 1706 1735 1768 gr.
1761 1707 1779 1748 0

436 1791 601 1870 Perusino,
628 1791 830 1870 maximeque
853 1809 893 1852 ex
916 1789 1052 1870 Graecis)
1081 1788 1298 1869 provenientia
1323 1799 1538 1868 asservantur,
1572 1788 1628 1850 sed
1658 1789 1779 1850 minore

437 1892 503 1954 4000
514 1891 534 1974 ¹)
562 1913 694 1955 numero
717 1912 812 1974 quam
836 1893 997 1973 inscripta.
1016 1926 1060 1937 —
1073 1882 1299 1972 lnsoriptarum
1323 1891 1487 1972 glandium
1507 1889 1716 1973 (paucissimis
1738 1891 1780 1953 de

439 1996 557 2074 quibus
582 1994 664 2058 inlra
688 1995 813 2058 dicetur
829 1996 978 2077 exceptis)
1001 1995 1142 2056 omnium
1165 1995 1289 2056 litterae
1312 2003 1475 2058 exstantes
1490 2004 1576 2073 sunt,
1602 1995 1644 2056 ita
1668 1993 1778 2072 lactae,

434 2107 470 2159 ut
492 2098 525 2159 40
556 2096 673 2160 lormae
707 2099 820 2180 argilla
848 2097 956 2161 umida
986 2098 1117 2179 graphio
1147 2097 1248 2160 aliave
1277 2096 1411 2178 cuspide
1434 2097 1669 2174 inciderentur,
1705 2095 1780 2159 400-

434 2199 556 2262 dendae
580 2199 695 2263 deinde
724 2202 819 2264 simul
842 2221 913 2264 cum
936 2200 1050 2282 glande
1078 2202 1156 2282 ipsa.
1203 2200 1354 2280 Exceptis
1383 2208 1532 2281 quattuor
1554 2200 1605 2262 vel
1634 2201 1778 2280 quinque

435 2322 517 2382 quae
540 2304 757 2366 sinistrorsum
782 2303 916 2385 legenda
944 2314 1035 2383 sunt,
1071 2302 1308 2384 exemplaribus
1330 2302 1397 2370 his:
1427 2321 1460 2363 u.
1479 2302 1510 2364 7.
1536 2301 1600 2366 324
1622 2302 1675 2362 64.
1703 2302 1776 2362 443.

436 2407 519 2483 444,
558 2406 680 2469 litterae
711 2409 744 2468 in
777 2408 875 2469 forma
910 2408 1054 2470 inversae
1088 2407 1256 2487 inscriptae
1290 2405 1436 2484 luerunt,
1477 2407 1520 2467 ita
1552 2414 1587 2468 ut
1620 2405 1652 2466 40
1687 2405 1780 2486 glan-

434 2507 530 2570 dibus
553 2509 630 2589 ipsis
661 2508 847 2572 dextrorsus
878 2509 1028 2590 procedat
1058 2510 1226 2590 scriptura.
1281 2507 1344 2570 Sed
1373 2508 1424 2569 hio
1454 2509 1519 2569 illic
1551 2527 1609 2588 per
1638 2525 1778 2570 errorem

434 2609 576 2673 funditor
598 2611 720 2674 litteras
741 2613 883 2692 singulas
905 2613 1060 2674 contrario
1082 2612 1174 2674 modo
1190 2612 1347 2674 exaravit:
1375 2631 1394 2670 v
1416 2630 1449 2673 n.
1471 2611 1522 2689 47,
1547 2629 1563 2672 0
1586 2628 1619 2671 0.
1638 2611 1678 2669 84
1695 2629 1726 2672 v.
1745 2631 1775 2687 a,

434 2713 565 2776 fortasse
589 2735 615 2774 w
643 2734 675 2776 n.
701 2715 753 2775 54.
779 2737 802 2777 4.
832 2751 877 2760 -
904 2717 939 2776 40
972 2715 1133 2778 nonnullis
1159 2713 1201 2797 (n.
1230 2715 1291 2775 toi
1321 2714 1372 2776 53.
1400 2713 1539 2775 55-69.
1566 2715 1616 2774 69.
1643 2714 1696 2773 89.
1722 2713 1774 2774 82.

435 2817 488 2878 85.
507 2815 557 2896 92)
578 2835 690 2879 versus
713 2819 797 2879 terni
813 2818 1000 2898 quatemive
1024 2817 1066 2879 ita
1090 2819 1211 2880 exarati
1233 2827 1318 2897 0004,
1345 2827 1381 2879 04
1403 2808 1627 2902 βουστροφηδὸν
1649 2813 1778 2895 legendi

435 2921 509 2982 sint.
547 2920 623 2980 Bina
645 2920 745 2981 latera
768 2918 917 2999 iuscripta
940 2928 1014 2982 sunt
1035 2919 1165 2982 harum:
1191 2940 1224 2983 n.
1245 2921 1274 2982 4.
1293 2922 1325 2983 2.
1343 2920 1394 2982 20.
1412 2921 1462 2982 24.
1479 2921 1511 2981 3.
1530 2920 1581 2981 30.
1600 2920 1631 2980 9.
1652 2918 1703 2979 44.
1723 2919 1775 2979 46.

436 3024 490 3084 25.
516 3023 567 3085 29.
596 3022 733 3084 tat-tta.
760 3022 812 3082 56.
839 3021 890 3084 57.
917 3022 969 3084 59.
996 3023 1049 3082 64.
1075 3023 1127 3085 63.
1154 3024 1292 3085 66-68.
1318 3022 1457 3084 'to-ao.
1484 3023 1531 3084 94.
1557 3022 1611 3084 93.
1629 3021 1681 3082 95.
1702 3021 1774 3082 448.

438 3126 510 3186 442.
539 3125 611 3186 443.
639 3125 711 3187 447.
740 3126 817 3202 4244;
853 3123 937 3186 idem
962 3123 1077 3187 lactum
1100 3134 1149 3188 eat
1171 3125 1203 3186 in
1228 3125 1293 3202 bis,
1331 3145 1467 3207 quarum
1494 3134 1600 3188 tamen
1622 3124 1722 3186 latera
1745 3124 1778 3185 in

434 3237 543 3290 ternae
558 3228 707 3308 pluresve
730 3246 822 3290 areas
838 3238 913 3290 sunt
927 3227 1070 3290 divisae:
1096 3245 1129 3289 n.
1149 3227 1201 3289 49.
1219 3229 1273 3291 22.
1291 3229 1344 3290 23.
1362 3228 1416 3291 63.
1435 3228 1488 3290 56.
1508 3228 1560 3287 58.
1580 3227 1631 3288 66.
1652 3227 1704 3289 62.
1723 3227 1774 3287 69.

436 3332 488 3392 82.
514 3331 566 3393 92.
592 3332 644 3393 94.
665 3330 718 3393 97.
737 3333 790 3392 99.
810 3331 882 3392 448.
904 3365 941 3376 -
960 3331 1221 3394 Paucissimarum
1246 3331 1489 3412 inscriptionum
1512 3337 1681 3393 excavatae
1702 3337 1780 3390 aunt

436 3434 572 3512 litterae,
588 3453 667 3515 quae
683 3435 716 3495 40
731 3432 799 3496 lusa
816 3435 877 3496 iam
893 3432 1007 3515 glande
1024 3435 1218 3514 scariphatas
1233 3452 1304 3496 esse
1316 3442 1465 3515 apparet:
1484 3452 1518 3495 n.
1531 3434 1572 3494 20
1595 3431 1631 3514 (si
1647 3431 1779 3510 antiqua

436 3537 505 3618 est),
532 3538 584 3598 64.
613 3537 684 3599 tta.
713 3537 785 3599 446.
808 3538 868 3598 428
889 3535 1005 3619 (addi,
1031 3535 1238 3618 eiusdemque
1260 3537 1389 3617 generis
1412 3537 1452 3597 65
1474 3534 1604 3598 videtur
1626 3532 1776 3614 tuissa²);

436 3638 560 3719 glandis
581 3640 695 3702 unicae
718 3659 751 3700 n.
770 3641 810 3699 88
834 3639 997 3721 inscriptio
1020 3649 1075 3702 004
1097 3640 1197 3702 400400
1218 3647 1273 3702 004
1294 3640 1381 3704 caelo
1403 3638 1533 3702 40040000
1556 3637 1646 3699 40004
1669 3636 1780 3698 inausa

436 3750 496 3804 004.
535 3743 794 3823 Scariphatarum
816 3743 975 3824 scriptura
996 3743 1131 3822 cursivo,
1158 3751 1338 3806 ceterarum
1354 3741 1508 3823 quadrata
1530 3749 1596 3818 est;
1623 3736 1780 3820 quaedam

436 3842 577 3907 medium
600 3845 684 3907 inter
711 3855 882 3926 utramque
912 3844 1045 3908 formam
1073 3846 1177 3907 locum
1201 3853 1312 3908 tenent
1336 3845 1450 3907 litteris
1477 3840 1699 3926 gracilioribus
1721 3859 1780 3902 ex-

435 3955 559 4027 aratae,
591 3966 673 4028 quae
702 3967 802 4029 prope
832 3948 987 4012 accedunt
1016 3946 1056 4010 ad
1086 3947 1187 4029 pictas
1209 3948 1260 4010 vel
1282 3948 1399 4010 calamo
1428 3947 1563 4028 scriptas
1585 3944 1637 4007 vel
1659 3941 1781 4006 tabulis

436 4049 566 4111 aheueis
587 4049 704 4112 incisas
727 4051 788 4132 (ex.
814 4069 862 4132 gr.
888 4071 919 4112 0.
941 4050 991 4111 45.
1019 4051 1058 4110 48
1082 4060 1115 4114 04
1137 4050 1275 4131 quadam
1298 4060 1391 4114 tenua
1416 4051 1466 4111 49.
1488 4047 1553 4130 44).

524 4153 701 4233 Numquam
737 4162 844 4217 autem
875 4154 1119 4235 inscriptiones,
1146 4163 1304 4236 quatenus
1331 4154 1509 4216 litterarum
1540 4149 1750 4214 eminentium
1759 4147 1783 4230 3)

436 4263 522 4334 0004,
549 4255 815 4340 4000400404)
842 4266 917 4322 0004
939 4257 1057 4337 40040ος
1083 4275 1156 4320 uam
1172 4257 1276 4320 omnia
1299 4255 1332 4319 id
1351 4275 1453 4338 genus
1469 4253 1673 4336 exemplaria,
1698 4271 1782 4333 quae

436 4461 554 4527 lapidem
575 4461 739 4515 Heliodorus
756 4463 834 4516 40444.
855 4463 901 4526 lx,
917 4467 946 4526 4;
968 4463 1069 4526 iudicia
1087 4476 1157 4528 quae
1179 4475 1213 4515 ex
1235 4464 1337 4530 oppido
1362 4463 1474 4527 Attagus
1499 4475 1514 4513 a
1533 4457 1721 4526 proditoribus
1743 4457 1780 4508 044

437 4546 581 4599 Caesarem
603 4548 789 4610 mittebantur,
815 4550 945 4616 iuscripta
963 4553 1042 4601 04004
1059 4548 1204 4614 glandibus
1222 4549 1302 4616 ipsis;
1323 4547 1357 4602 04.
1377 4563 1404 4615 p.
1422 4550 1454 4598 44
1472 4550 1536 4599 0040
1554 4559 1581 4596 0.
1602 4547 1644 4595 44.

506 4633 529 4696 4)
548 4633 577 4683 40
596 4647 690 4686 040000
709 4635 899 4687 Panormitano
918 4634 1022 4716 multae
1037 4637 1214 4702 inscriptione
1238 4639 1363 4688 00000400
1381 4635 1577 4693 0400040040ος
1609 4629 1643 4683 cl.
1663 4628 1781 4689 salinas,

436 4731 525 4770 museo
542 4721 568 4771 ot
586 4720 644 4772 Pol.
664 4723 729 4770 4474
747 4735 775 4787 p.
790 4724 832 4772 44.

506 4805 532 4866 4)
556 4805 653 4872 spuria
676 4809 717 4857 est
735 4820 763 4859 0.
784 4809 816 4855 44
824 4805 865 4858 ott
902 4809 1048 4874 suspectae
1071 4810 1133 4859 suut
1165 4821 1192 4857 0.
1212 4811 1246 4858 44
1266 4809 1322 4858 not.
1342 4809 1369 4858 04
1386 4805 1435 4857 aa*
1447 4809 1477 4868 4;
1497 4806 1531 4857 de
1550 4804 1593 4855 his
1610 4803 1728 4865 itemque
1746 4800 1783 4851 440

436 4902 463 4940 u.
475 4891 498 4951 4,
509 4892 541 4940 49
554 4893 610 4943 004.
624 4891 806 4943 differendum
819 4895 860 4944 004
871 4893 1018 4954 iudicium,
1032 4893 1120 4946 donec
1132 4894 1223 4946 deuuo
1236 4895 1404 4945 examinatae
1415 4891 1524 4944 4000404.
1555 4891 1584 4940 40
1597 4889 1678 4940 uulua
1690 4898 1718 4938 0.
1732 4889 1782 4935 444

437 4975 524 5040 (add.)
544 4977 628 5029 latare
645 4978 731 5030 attero
749 4979 855 5032 litterae
867 4984 930 5032 0004
947 4983 1102 5041 excavatae,
1123 4981 1171 5032 sed
1190 4979 1271 5032 simul
1290 4992 1354 5032 oum
1372 4978 1478 5044 glandis
1495 4976 1603 5029 lusione
1619 4973 1715 5026 iactae.

506 5063 531 5125 4)
559 5063 645 5116 Vuioa
671 5066 811 5132 inscriptio
841 5079 869 5116 0.
890 5070 937 5130 44,
967 5067 1045 5118 cuius
1072 5066 1178 5118 litterae
1203 5069 1349 5118 excavatae
1375 5069 1452 5128 0004,
1481 5062 1637 5116 incudeudo
1664 5057 1783 5110 40440000

436 5153 504 5204 40040
522 5153 572 5211 004,
592 5151 641 5202 sed
660 5165 714 5202 uon
733 5153 760 5202 40
777 5151 863 5204 torma
882 5155 913 5203 04
929 5153 1106 5205 adulteratae.

508 5235 531 5297 4)
560 5233 680 5289 ltobblus
698 5239 842 5290 4404000440
861 5239 919 5290 vttt
941 5241 1027 5304 (4494)
1048 5252 1074 5305 p.
1090 5243 1138 5289 444
1163 5241 1267 5292 litteras
1291 5239 1399 5291 Siculae
1423 5237 1566 5290 cuiusdam
1584 5237 1691 5302 glandia
1711 5233 1785 5306 40404)

435 5315 610 5390 ’4404440000
627 5315 749 5387 'sculptis'
769 5327 795 5375 et
807 5325 845 5376 Da
857 5325 963 5376 44404040
979 5326 1033 5390 (qui
1052 5326 1163 5376 omniuo
1181 5325 1216 5377 de
1228 5324 1375 5391 glandibus
1386 5322 1551 5377 labricaudia
1568 5324 1638 5375 mira
1655 5323 1784 5390 protulit;
