3922 6240
1058 2025 1103 2092 V.

773 2178 1036 2268 onlnnus
1073 2157 1391 2269 ruovsrnln

891 2336 929 2415 (a.
947 2356 980 2397 n.
999 2355 1027 2396 o.
1047 2335 1107 2396 743
1133 2347 1164 2398 et
1187 2335 1275 2414 744).

405 2467 576 2634 Perusia,
597 2564 734 2635 oppidum
748 2569 848 2619 natura
865 2564 994 2620 locorum
1007 2569 1036 2620 et
1050 2579 1137 2620 mauu
1148 2567 1301 2632 munitum,
1322 2581 1387 2621 cunr
1403 2579 1479 2621 enno
1493 2569 1552 2622 743
1567 2565 1598 2621 L.
1610 2564 1751 2624 Antonius

407 2683 468 2724 cos·
494 2683 560 2723 oum
591 2667 688 2722 Fulvio
718 2666 756 2721 ld.
784 2666 880 2721 iratris
907 2681 998 2723 uxore
1026 2682 1061 2724 eo
1090 2683 1122 2722 se
1152 2670 1326 2739 recepisset,
1361 2670 1486 2739 primum
1514 2667 1551 2724 ab
1575 2667 1701 2741 Agrippa
1724 2677 1752 2728 et

405 2769 569 2826 Salvidieno
592 2770 664 2826 lluio
700 2763 759 2840 (qui
782 2769 947 2839 llispeniam
977 2776 1081 2840 petens
1108 2786 1175 2826 oum
1197 2786 1248 2827 sex
1275 2769 1437 2842 legionibus
1459 2770 1496 2827 eb
1520 2769 1677 2830 Octaviano
1700 2790 1750 2830 re-

404 2879 526 2930 vocatus
549 2866 635 2948 erat),
684 2871 790 2927 deinde
812 2870 849 2927 ab
880 2874 942 2943 ipso
965 2888 1083 2943 quoque
1106 2873 1228 2929 Caesare
1252 2872 1406 2930 obsessum
1429 2880 1482 2930 est.
1526 2874 1641 2932 Deditio
1668 2876 1751 2932 lamis

404 2959 577 3031 necessitate
600 2974 673 3029 iaota
691 2981 736 3030 est
757 2976 825 3029 anni
842 2977 902 3030 nrt
925 2976 1079 3046 principio,
1102 2975 1202 3046 paullo
1218 2981 1284 3032 ante
1299 2975 1364 3033 idus
1378 2978 1494 3033 llartias
1514 2971 1647 3050 (Appian.
1663 2983 1692 3046 6,
1711 2982 1748 3034 48

405 3084 434 3133 et
456 3076 575 3134 Sueton.
594 3075 668 3148 Aug.
692 3070 754 3150 liti,
786 3076 883 3132 hieme
913 3077 1041 3135 nondum
1068 3077 1145 3134 finite
1179 3073 1263 3152 (App.
1291 3083 1319 3144 t,
1342 3074 1407 3155 47).
1455 3081 1486 3134 ln
1514 3079 1569 3136 bao
1598 3078 1750 3137 obsidione

404 3177 548 3236 adhibitas
578 3194 642 3235 esse
671 3178 792 3250 glandes
819 3179 928 3236 diserte
957 3186 986 3236 et
1008 3179 1156 3251 Appianus
1184 3180 1272 3237 tradit
1294 3185 1323 3250 6,
1344 3185 1382 3238 86
1412 3173 1573 3255 (Αυιυυίιυὶ
1602 3169 1750 3258 ἠμύνοντο

402 3276 500 3346 λίθοις
531 3273 583 3339 καὶ
610 3269 774 3358 τοξεύμασι
794 3273 846 3338 καὶ
878 3276 1091 3361 μολυβδίναις,
1125 3285 1163 3340 ol.
1190 3289 1219 3352 o,
1241 3288 1299 3340 33:
1329 3270 1476 3360 ἀμυνοντο
1505 3275 1557 3360 μὲν
1585 3271 1750 3361 ἀμεινόνων

399 3371 497 3442 ὄντων
531 3379 590 3441 τῶν
621 3373 776 3462 Καίσαρος
809 3378 1036 3461 συμπλέκεσθαι
1068 3378 1102 3442 δὲ
1134 3371 1189 3443 τῶν
1218 3379 1346 3442 Λευκίου
1380 3375 1570 3465 μονομάχων)
1610 3393 1638 3442 et
1673 3387 1751 3443 olare

402 3494 544 3544 testantur
559 3487 677 3559 glandes
700 3489 791 3558 ipsae,
811 3503 886 3558 quae
908 3491 939 3543 in
961 3489 1009 3546 illo
1025 3490 1170 3545 territorio
1193 3490 1315 3559 reperiri
1338 3489 1442 3544 solent.
1489 3489 1650 3545 liemorant
1672 3491 1750 3544 enim

402 3592 506 3648 Divom
528 3591 636 3646 lulium,
656 3593 706 3647 77.
733 3593 783 3658 78,
810 3591 848 3644 ll.
873 3589 1028 3647 Antonium
1052 3595 1104 3648 52.
1125 3587 1194 3661 tet,
1227 3593 1258 3646 L.
1284 3589 1439 3649 Antonium
1459 3575 1596 3648 ‘calvum'
1619 3595 1668 3649 64.
1695 3595 1745 3660 66,

403 3694 531 3750 Fulviam
556 3695 616 3751 644
640 3691 700 3750 664
724 3696 775 3750 66.
803 3697 858 3762 66,
885 3693 917 3749 C.
942 3693 1096 3749 Caesarem
1121 3698 1157 3753 64
1182 3693 1400 3750 —Caesarem
1425 3698 1463 3752 63
1493 3687 1586 3771 (imp.)
1617 3697 1667 3751 66.
1694 3697 1745 3762 67,

402 3795 554 3853 Octavium
578 3800 630 3852 64.
658 3800 714 3862 66,
749 3789 980 3872 Octavia(numi)
1010 3800 1061 3854 68.
1092 3825 1136 3836 -
1170 3791 1212 3866 [Q.
1230 3789 1436 3872 Salvidienum)
1469 3797 1574 3853 liuium
1603 3798 1673 3866 imp.
1694 3799 1744 3853 68.

401 3899 445 3955 lo
469 3900 574 3954 iamem
590 3895 777 3955 obsessorum
798 3898 924 3969 pertinet
941 3902 991 3956 84.
1035 3899 1191 3970 Plerosque
1214 3915 1279 3955 esse
1294 3898 1530 3955 Caesarianorum
1552 3899 1627 3954 inira
1649 3903 1749 3956 osten-

401 4002 500 4070 detur;
527 4000 616 4071 idque
639 4001 774 4058 convenit
801 3995 885 4076 (siout
906 4002 1100 4059 Mommsenus
1123 4002 1238 4074 Corpl
1261 4019 1291 4073 p.
1314 4005 1371 4059 484
1395 3995 1516 4076 monuit)
1543 4017 1611 4058 oum
1624 3999 1747 4072 Appiani

402 4104 569 4161 testimonio
592 4118 679 4173 supra
702 4110 872 4160 memorato.

486 4205 598 4275 Quibus
624 4207 763 4262 territorii
797 4206 928 4262 Perusini
962 4207 1034 4264 loeis
1056 4211 1191 4264 iuventae
1220 4208 1295 4274 sint,
1334 4220 1392 4261 non
1421 4212 1523 4262 notum
1553 4211 1599 4262 est
1626 4207 1680 4262 nisi
1711 4205 1747 4261 de

401 4314 481 4366 861.
500 4323 523 4365 a.
559 4312 598 4365 87
616 4325 638 4365 1.
654 4323 683 4378 ν,
718 4307 769 4364 ubi
801 4311 865 4364 eius
893 4311 936 4365 rei
964 4311 1104 4367 memoria
1134 4308 1246 4366 comitis
1273 4307 1472 4364 Rossi-Sootti
1501 4309 1604 4363 merito
1634 4313 1747 4364 servata

401 4417 455 4468 est.
503 4410 610 4467 Omnes
632 4415 740 4478 autem,
770 4426 843 4480 quas
866 4412 940 4468 inira
963 4412 1098 4479 exhibui,
1132 4413 1285 4467 Perusinas
1308 4425 1384 4476 esse,
1411 4412 1497 4468 etiam
1520 4426 1645 4482 quarum
1667 4411 1748 4480 origo

400 4526 459 4568 non
482 4513 589 4569 diserte
612 4513 737 4570 indicata
760 4519 813 4582 est,
840 4514 887 4569 vel
909 4531 963 4586 per
985 4530 1017 4570 se
1047 4520 1168 4586 apparet
1190 4513 1236 4568 vel
1258 4513 1374 4569 aliunde
1403 4511 1592 4584 probabiliter
1614 4510 1749 4568 oonoludi

400 4622 511 4687 potest;
544 4631 591 4670 ex.
616 4631 660 4686 gr.
687 4614 807 4686 glandes
830 4615 1036 4673 Guardabassii
1064 4609 1198 4690 (exclusis
1227 4615 1304 4670 ialsis
1326 4614 1503 4686 quibusdam
1526 4613 1679 4670 Asculanis
1700 4617 1748 4668 in-

403 4719 489 4788 cusis)
523 4718 590 4773 hino
614 4722 814 4788 provenerunt
836 4733 954 4786 omnes,
988 4721 1116 4791 itemque
1147 4723 1267 4789 excepta
1289 4716 1431 4774 dsoulana
1454 4733 1512 4774 una
1539 4709 1605 4792 (rra)
1632 4731 1744 4784 omnes,

402 4837 477 4891 quae
500 4822 530 4875 in
552 4834 653 4877 museo
675 4821 816 4876 Perusino
838 4819 958 4890 publico
980 4827 1184 4889 asservantur;
1219 4835 1318 4876 eomes
1340 4826 1437 4876 autem
1459 4817 1665 4887 Rossi-Scotti,
1698 4820 1748 4888 qui

401 4929 430 4978 et
453 4919 611 4979 Asculanos
641 4929 670 4978 et
691 4906 844 4979 Perusinas
872 4922 1002 4991 possidet
1036 4917 1147 4998 (earum
1176 4921 1331 4979 nonnullas
1354 4937 1390 4977 ex
1412 4923 1518 4978 llinioii
1540 4937 1642 4978 museo
1665 4891 1763 4996 emit)¹

398 5023 508 5095 ubique
530 5025 671 5096 originem
695 5024 853 5081 adnotavit.

485 5127 644 5198 Pleraeque
672 5124 749 5182 bene
782 5127 964 5183 acuminatae
1002 5133 1069 5183 sunt
1099 5128 1245 5196 utrimque
1279 5125 1421 5196 binasque
1453 5127 1597 5197 margines
1625 5124 1745 5194 babent,

400 5228 555 5286 nonnullae
579 5230 699 5286 Graecis
729 5230 883 5288 similiores
913 5228 1091 5299 marginibus
1121 5235 1221 5285 carent
1244 5233 1272 5284 et
1295 5229 1333 5283 ita
1356 5227 1528 5285 rotundatae
1551 5233 1634 5294 sunt,
1670 5233 1702 5282 ut
1723 5225 1748 5281 si

397 5346 452 5402 per
483 5332 663 5388 latitudinem
694 5332 806 5389 medias
834 5347 931 5398 seces,
966 5330 1047 5387 orbis
1076 5331 1138 5387 iere
1167 5332 1256 5401 ligura
1281 5330 1395 5387 evadat.
1427 5359 1471 5370 —-
1501 5329 1618 5398 Aliquot
1648 5343 1748 5385 earum
