3902 6238
402 615 465 663 vttl
973 605 1171 655 PRAEFATIO.

591 729 701 736 -,--
717 728 937 733 .----..-.-.--
1316 725 1741 734 *ψη-...-

489 780 552 838 lam
575 767 680 856 prodit
709 779 850 854 materia,
884 795 977 856 quam
999 796 1058 856 per
1081 778 1137 836 bos
1166 774 1232 835 lere
1260 793 1373 835 novem
1397 793 1496 836 annos
1518 775 1743 855 undecumque

403 881 532 960 collegi,
570 880 758 958 subsicivis,
795 888 831 940 ut
861 888 1107 940 consentaneum
1140 888 1205 954 est,
1244 880 1348 957 operis
1372 889 1404 940 et
1434 881 1585 942 itinerum
1616 877 1655 940 ad
1684 879 1744 939 alia

403 983 506 1046 studia
532 982 682 1045 factorum
712 983 948 1063 opportunitate
978 1000 1067 1044 usus.
1115 983 1217 1042 llusea
1249 990 1280 1042 et
1307 980 1433 1061 publica
1462 992 1494 1042 et
1516 984 1639 1063 privata
1663 1000 1745 1062 quae

404 1087 531 1147 maximi
562 1095 636 1147 sunt
670 1085 820 1146 momenti
857 1085 924 1164 ipse
956 1083 1019 1146 adii
1054 1086 1177 1161 omnia,
1214 1092 1391 1144 ceterorum
1425 1103 1569 1164 magnam
1602 1093 1742 1166 partem:

403 1189 582 1249 examinavi
612 1187 759 1266 glandes,
793 1205 874 1266 quae
907 1195 1033 1248 exstant
1060 1183 1184 1265 Asculi,
1218 1187 1382 1266 Perusiae,
1416 1188 1529 1248 llomae
1563 1187 1607 1268 (in
1636 1205 1745 1249 museo

405 1291 631 1371 llircheriano),
657 1289 798 1370 Neapoli,
826 1289 990 1366 hlonachii,
1016 1288 1165 1367 Berolini,
1193 1287 1336 1349 londinii
1365 1291 1406 1367 lin
1431 1309 1539 1352 museo
1555 1291 1742 1366 Britannico,

404 1393 488 1474 quod
518 1403 623 1455 tamen
658 1392 750 1470 longe
781 1391 890 1471 plures
918 1391 1059 1472 possidet
1088 1391 1224 1453 Graecas
1257 1409 1352 1471 quam
1375 1393 1531 1475 Latinas),
1568 1392 1744 1470 Mediolani,

404 1498 577 1573 Bononiae,
616 1495 809 1574 Florentiae,
852 1495 1019 1573 hlugnani,
1055 1495 1213 1571 Basileus,
1249 1495 1484 1575 Sigmaringae,
1526 1496 1673 1558 Erbachii
1706 1494 1747 1558 ad

404 1599 638 1677 hluemlingam,
663 1597 868 1672 hlannhemii,
894 1595 1099 1675 Francolurti,
1124 1598 1319 1677 Mogontiaci,
1339 1597 1528 1678 Wiesbadis,
1551 1599 1746 1661 Kessenichii

405 1719 503 1782 prope
527 1704 676 1761 Bonnam.
732 1701 948 1761 Transmissae
978 1718 1105 1780 quoque
1133 1700 1210 1760 mihi
1240 1709 1315 1761 sunt
1342 1700 1472 1782 glandes
1500 1699 1749 1765 aFouardentic

405 1804 553 1883 Parisino,
580 1803 835 1883 Bourguignonio
857 1802 1084 1883 Neapolitano,
1113 1803 1243 1864 Vittorio
1265 1804 1484 1884 liugnanensi,
1511 1805 1626 1865 Zahnio
1649 1805 1749 1865 Grae-

405 1907 515 1984 ciensi,
533 1908 652 1968 museis
667 1907 930 1986 Sigmaringensi,
948 1903 1175 1982 Ansbachensi,
1195 1906 1405 1986 Monachensi,
1425 1907 1631 1969 berolinensi.
1651 1907 1750 1968 Deni-

404 2029 466 2091 que
479 2009 655 2090 glandium,
670 2027 750 2089 quae
764 2019 969 2070 asservantur
981 2008 1132 2085 Panormi,
1149 2006 1268 2088 Ceialh,
1284 2008 1458 2088 Catauzari,
1473 2012 1634 2089 Tergeste,
1649 2011 1744 2088 Vtini,

408 2113 623 2192 Vindobonae,
651 2112 777 2173 Parisiis
803 2113 846 2190 (in
861 2109 1000 2192 publicis
1016 2108 1160 2189 muscis),
1187 2110 1270 2189 apud
1287 2112 1319 2172 S.
1339 2112 1541 2192 Germanum,
1568 2112 1745 2193 Luguduni,

408 2217 546 2295 Tolosae,
573 2214 732 2289 Trivultii,
757 2214 909 2292 Basilcae,
935 2213 1050 2277 Leidae
1078 2213 1142 2295 (ubi
1158 2215 1265 2276 nullae
1282 2224 1404 2276 exstant
1419 2215 1572 2296 latinae),
1598 2216 1746 2293 llavniae,

406 2318 592 2398 hiverpoolii
616 2316 667 2379 vel
691 2328 801 2398 ectypa
817 2318 868 2378 vel
890 2318 1070 2398 apographa
1093 2336 1216 2379 mecum
1232 2318 1545 2379 communicaverunt
1568 2336 1748 2379 museorum

408 2421 581 2484 directores
605 2432 636 2484 et
658 2423 769 2501 amici,
797 2421 915 2503 quibus
937 2422 1016 2481 viris
1040 2439 1097 2500 pro
1118 2419 1285 2482 beneficiis
1308 2421 1340 2480 in
1365 2420 1446 2480 hanc
1469 2439 1596 2500 operam
1620 2420 1750 2481 conlatis

405 2526 522 2605 gratias
551 2525 706 2586 maximas
735 2523 840 2587 libens
870 2544 939 2605 ago.
987 2524 1111 2603 Operae
1141 2523 1239 2602 igitur
1261 2540 1323 2583 non
1346 2524 1496 2603 peperci,
1529 2531 1566 2585 ut
1583 2521 1748 2603 glandium

406 2627 491 2708 quod
522 2627 643 2707 ubique
670 2628 809 2689 inveniri
838 2636 944 2708 posset
972 2626 1164 2705 colligerem.
1221 2624 1340 2697 Quodsi
1371 2635 1477 2687 tamen
1500 2624 1639 2706 aliquid,
1666 2624 1750 2706 quod

405 2730 507 2792 bonae
530 2731 571 2792 sit
594 2729 707 2810 frugis,
738 2749 789 2791 me
813 2730 958 2809 latuerit,
985 2749 1060 2812 rogo
1082 2751 1150 2808 eoS,
1185 2731 1241 2812 qui
1264 2729 1427 2807 noverint,
1461 2738 1497 2790 ut
1520 2747 1642 2790 mecum
1666 2746 1750 2788 com-

407 2835 570 2896 municent
600 2867 642 2878 -
669 2832 753 2913 quod
785 2831 885 2894 bonae
914 2834 955 2894 sit
986 2832 1104 2915 frugis,
1140 2832 1226 2911 dixi,
1264 2851 1335 2894 nam
1367 2833 1548 2911 spuriarum
1578 2849 1683 2911 nuper
1711 2830 1751 2891 ab

406 2935 563 3000 Asculano
587 2936 639 2996 illo
656 2936 838 2998 incusamm
861 2936 991 2997 minime
1008 2935 1118 2999 dubito
1134 2937 1211 3016 quin
1229 2936 1323 2997 etiam
1340 2935 1438 2996 multo
1455 2934 1563 3014 plures
1585 2934 1618 2995 in
1634 2933 1752 2994 muscis

406 3039 543 3100 maxime
575 3039 710 3118 privatis
745 3037 924 3099 reconditae
957 3040 1021 3100 sint
1055 3039 1105 3100 vel
1137 3058 1155 3099 a
1188 3036 1438 3118 negotiatoribus
1471 3035 1747 3098 circumferantur.

406 3143 476 3222 lpse
505 3160 577 3202 cum
609 3138 650 3202 ad
676 3140 740 3202 duo
773 3140 858 3201 milia
897 3158 1005 3204 earum
1036 3142 1302 3219 examinaverim,
1341 3143 1417 3202 satis
1449 3157 1610 3220 superque
1638 3138 1750 3200 iecisse

406 3244 484 3305 mihi
507 3243 635 3324 videor,
668 3261 731 3323 quo
755 3241 885 3305 fraudes
913 3245 1140 3306 evincerentur
1163 3252 1194 3305 et
1223 3244 1277 3306 alii
1301 3261 1354 3305 eas
1383 3260 1553 3322 agnoscere
1576 3241 1746 3303 discerent.

408 3347 517 3408 Plures
540 3344 673 3426 glandes
695 3344 888 3408 adulteratas
911 3348 1099 3426 conquirere
1122 3356 1154 3409 et
1179 3346 1275 3408 edere
1298 3346 1419 3409 nullius
1440 3346 1533 3426 plane
1556 3363 1634 3407 usus
1657 3343 1746 3421 icret,

407 3450 531 3510 etiamsi
561 3448 741 3528 exspectari
771 3458 878 3528 posset
908 3467 1004 3510 novas
1035 3449 1256 3529 inscriptiones
1286 3449 1400 3510 multas
1429 3449 1551 3527 acquiri
1582 3465 1690 3528 posse,
1717 3445 1749 3506 id

407 3550 493 3631 quod
510 3571 603 3614 secus
618 3560 676 3628 est,
704 3570 776 3613 nam
792 3550 948 3613 cilicinam
963 3551 1151 3614 Asculanam
1168 3560 1287 3614 constat
1310 3550 1468 3613 infinitum
1492 3548 1558 3612 lere
1581 3569 1750 3613 numerum
1809 3547 1814 3554 “

408 3652 570 3734 glandium
587 3651 755 3717 excudisse
771 3653 828 3731 sad
844 3653 953 3715 lormis
969 3654 1061 3734 longe
1076 3654 1279 3736 paucioribus
1296 3653 1435 3734 (tortasse
1451 3654 1579 3715 circiter
1590 3651 1745 3728 ducentisl

407 3776 497 3818 usam
513 3776 595 3820 esse.
611 3793 656 3803 -
672 3758 731 3819 Eas
755 3756 857 3835 falsas,
885 3776 966 3838 quae
989 3758 1022 3818 in
1038 3759 1158 3820 museis
1173 3757 1310 3839 publicis
1333 3766 1365 3818 et
1382 3756 1580 3838 publicorum
1596 3755 1662 3818 lere
1685 3755 1750 3816 loco

408 3857 564 3921 habendis
587 3861 718 3941 privatis
748 3858 969 3940 adservantur,
995 3869 1151 3940 quotquot
1173 3861 1249 3922 mihi
1273 3869 1365 3922 notae
1388 3870 1479 3935 sunt,
1506 3858 1649 3939 exhibui,
1675 3859 1751 3919 reli-

407 3981 544 4042 quamm
567 3981 621 4025 eas
649 3971 769 4024 tantum
799 3961 931 4040 admisi,
963 3981 1046 4043 quae
1075 3962 1116 4025 ab
1146 3963 1217 4025 aliis
1238 3965 1300 4025 iam
1322 3962 1426 4025 editae
1449 3973 1557 4043 erant,
1583 3964 1643 4025 nisi
1667 3960 1749 4042 quod

409 4067 441 4126 in
465 4063 657 4145 quibusdam
687 4062 744 4126 sed
767 4066 878 4145 paucis
907 4083 958 4126 res
986 4065 1055 4145 ipsa
1077 4067 1235 4146 poposcit,
1270 4075 1305 4127 ut
1333 4067 1482 4129 universa
1512 4067 1612 4128 series
1634 4084 1751 4147 propc-

408 4178 552 4230 neretur.
577 4169 808 4230 —Praeterea
832 4177 895 4230 tam
925 4169 957 4229 in
981 4169 1129 4248 genuinis
1152 4187 1245 4249 quam
1270 4169 1302 4230 in
1332 4159 1451 4250 spuriis
1474 4168 1607 4230 edendis
1623 4186 1750 4250 operam

408 4270 494 4349 dedi,
522 4279 557 4331 ut
579 4271 703 4351 singula
727 4272 882 4350 cuiusque
905 4272 1007 4333 musei
1031 4272 1226 4352 exemplaria
1249 4282 1392 4334 accurate
1416 4271 1671 4351 significarentur
1693 4257 1751 4331 ad-

408 4373 553 4453 scriptis,
579 4370 683 4453 quoad
705 4373 775 4434 eius
799 4373 867 4434 lieri
884 4383 1022 4456 poterat,
1049 4374 1180 4456 catalogi
1204 4375 1362 4454 numeris,
1387 4393 1428 4436 ne
1453 4373 1636 4454 ambiguum
1653 4383 1747 4452 esset,

407 4474 448 4536 ad
480 4472 566 4556 quod
596 4477 759 4556 exemplar
790 4495 894 4537 meum
927 4474 968 4538 de
999 4475 1104 4539 indole
1134 4487 1166 4539 et
1198 4479 1332 4539 lectione
1363 4477 1516 4539 iudicium
1548 4475 1751 4538 referendum

408 4588 468 4641 est.
513 4579 590 4640 Nam
606 4579 663 4641 hoc
679 4578 744 4640 solo
762 4578 854 4640 modo
875 4578 979 4659 (quern
996 4581 1159 4642 Garrucoii
1176 4600 1252 4642 sane
1268 4582 1388 4642 evitare
1409 4579 1522 4658 solent,
1548 4590 1584 4641 ut
1598 4579 1750 4642 latebram

408 4691 655 4744 commentorum
680 4699 809 4744 suorum
833 4680 980 4763 habeant)
1009 4700 1144 4760 errores,
1174 4685 1228 4763 qui
1253 4692 1339 4744 tanto
1363 4701 1459 4763 opere
1482 4683 1625 4744 homines
1646 4682 1752 4744 doctos

409 4795 607 4847 vexaverunt
630 4784 722 4846 etad
747 4785 850 4865 iurgia
874 4803 1000 4865 qnoque
1023 4785 1287 4863 sollicitaverunt,
1312 4784 1481 4865 glandibus
1504 4785 1651 4864 genuinis
1674 4804 1752 4865 spu-

408 4889 480 4966 riis,
514 4886 703 4950 lectionibus
726 4889 810 4950 veris
833 4887 922 4949 falsis
949 4897 1070 4950 temere
1100 4897 1156 4950 aut
1183 4886 1290 4950 dolose
1313 4888 1466 4969 contusis,
1499 4886 1697 4968 deprehendi
1721 4896 1753 4948 et

408 4989 563 5052 confutari
584 5000 770 5070 potuerunt.

495 5093 598 5154 Lectio
621 5095 862 5174 inscriptionum
886 5113 982 5175 saepe
1003 5092 1143 5156 difficilis
1167 5103 1226 5172 est,
1252 5095 1372 5175 quippe
1389 5111 1524 5173 quarum
1547 5093 1672 5155 litterae
1687 5112 1751 5154 non

410 5212 480 5256 raro
503 5192 640 5257 detritae
662 5199 728 5259 sint
750 5205 782 5260 et
804 5197 895 5259 lacile
925 5194 1160 5259 confundantur
1187 5214 1257 5257 oum
1282 5193 1420 5258 fortuitis
1443 5195 1565 5277 plumbi
1588 5197 1753 5277 particulis

409 5296 636 5360 eminentibus.
699 5300 818 5362 Idcirco
854 5301 885 5360 in
917 5299 966 5360 his
993 5318 1088 5380 quam
1117 5302 1252 5362 maxime
1281 5319 1360 5380 opus
1382 5310 1431 5362 est
1459 5310 1491 5361 et
1520 5299 1617 5361 oculis
1639 5299 1753 5379 peritis
