3902 6238
434 618 527 668 XVIII
1002 608 1202 662 assurum.

437 787 542 851 denda
572 790 621 844 est
648 776 830 865 Ἀρτέμιδος,
870 798 964 860 quarn
994 798 1138 842 maneam
1166 779 1264 842 luisse
1293 784 1493 844 coniecerim.
1548 786 1583 846 ln
1613 786 1663 848 his
1686 788 1785 867 igitur

440 893 577 952 Deorum
600 886 727 947 nomina
750 883 901 963 inscripta
924 892 1014 964 sunt,
1040 902 1112 944 oum
1136 886 1168 943 in
1195 884 1313 946 Latinis
1335 884 1506 964 glandibus
1527 888 1670 950 numinis
1692 909 1785 952 men-

437 995 480 1054 tio
508 993 637 1052 inventa
667 988 707 1049 sit
736 985 825 1048 nulla
859 984 908 1066 (oi.
933 984 973 1046 ad
1003 1004 1035 1046 n.
1060 983 1145 1066 list).
1175 1021 1219 1031 -
1247 987 1390 1067 Deanue
1424 989 1563 1070 insignia
1596 993 1629 1051 in
1654 992 1782 1056 Graecis

437 1113 564 1178 quoque
587 1088 757 1173 glandibus
779 1096 1017 1169 repraesentata
1032 1097 1108 1149 sunt
1131 1095 1194 1150 tam
1210 1088 1358 1151 adiuncta
1382 1092 1588 1171 inscriptione
1604 1112 1699 1174 quarn
1715 1097 1782 1160 sola

435 1199 548 1282 posita,
568 1192 625 1256 sed
641 1194 759 1254 maiore
777 1192 945 1268 varietate;
972 1191 1183 1253 inveniuntur
1198 1192 1283 1253 enlm
1299 1210 1413 1272 equus,
1433 1192 1619 1275 bueranion,
1644 1200 1779 1279 scorpio,

407 1295 585 1383 serpens,
616 1296 717 1373 stella,
752 1293 883 1374 tulmen,
910 1293 1040 1371 tridens,
1070 1294 1170 1372 olava,
1203 1295 1309 1373 pugio,
1342 1293 1530 1375 bipennium
1553 1297 1641 1378 trias,
1673 1299 1782 1363 hastae

436 1405 544 1485 cuspis
570 1401 653 1483 (folio
676 1399 814 1479 similis),
841 1396 1048 1476 agricolarum
1072 1394 1159 1458 furca
1187 1392 1279 1476 (sicut
1301 1396 1335 1457 in
1357 1416 1486 1459 nummo
1508 1401 1687 1484 Metaponti)
1698 1402 1735 1484 ¹).

866 1859 1095 1931 ELENCHVS
1130 1858 1348 1931 LOCORVM.

522 2055 653 2128 Locum,
690 2047 747 2110 ubi
771 2044 901 2128 glandes
931 2053 1077 2125 repertae
1100 2045 1182 2124 sint,
1218 2044 1353 2107 definire
1376 2045 1504 2107 maximi
1535 2066 1604 2109 esse
1631 2053 1783 2112 momenti

436 2155 641 2220 manifestum
663 2161 728 2229 est,
763 2152 869 2229 itaque
893 2147 932 2210 de
955 2147 1015 2210 hac
1038 2165 1073 2208 re
1100 2156 1245 2209 accurate
1274 2148 1428 2228 inquisivi
1450 2158 1483 2211 et
1505 2168 1587 2230 quae
1610 2153 1683 2214 sciri
1707 2171 1784 2234 pos-

435 2262 501 2323 sint
523 2255 681 2319 adnotavi.
735 2254 836 2331 Saepe
865 2259 972 2313 autam
1001 2250 1217 2312 testimonium
1248 2251 1342 2331 plane
1369 2249 1492 2329 deficit,
1530 2271 1580 2315 ex.
1607 2271 1656 2334 gr.
1681 2256 1783 2318 musei

436 2357 634 2424 Kircheriani
657 2357 733 2419 olim
755 2361 916 2416 curatores
932 2352 1123 2434 plerumque
1145 2372 1186 2415 ne
1208 2353 1266 2414 hoc
1281 2351 1411 2434 quidem
1427 2352 1670 2436 adnotaverunt,
1695 2355 1782 2421 unde

436 2461 634 2544 accepissent
656 2456 818 2541 glandem.
864 2457 899 2517 ln
923 2456 963 2517 iis
986 2457 1164 2518 coniectura
1194 2454 1338 2517 iacienda
1361 2465 1409 2518 est
1431 2475 1471 2518 ex
1493 2455 1710 2539 inscriptione,
1743 2478 1785 2522 ex

436 2563 559 2647 plumbi
589 2571 644 2626 aut
673 2562 851 2623 litterarum
879 2558 995 2639 forma,
1031 2556 1172 2637 denique
1202 2576 1243 2620 ex
1270 2559 1467 2639 reliquarum
1500 2558 1647 2622 eiusdem
1680 2565 1782 2625 musei

435 2667 596 2752 glaudium
619 2664 754 2746 origine,
788 2680 829 2724 ex
859 2680 908 2742 gr.
940 2661 1042 2722 musei
1065 2661 1302 2741 Santangeliani
1328 2680 1437 2724 omnes
1459 2660 1647 2741 Asculanos,
1680 2667 1782 2728 musei

435 2771 580 2834 Pemsini
595 2789 661 2831 una
681 2775 814 2847 excepta
829 2783 939 2826 omnes
952 2765 1129 2839 ¹Perusinas
1144 2781 1214 2824 esse
1229 2763 1298 2825 veri
1318 2773 1367 2826 est
1381 2764 1589 2827 simillimum.
1607 2801 1652 2810 -
1665 2767 1781 2830 Verum

435 2877 534 2938 etiam
555 2870 611 2935 ubi
634 2869 816 2932 testimonia
831 2874 966 2945 exstant,
992 2866 1140 2926 cautione
1155 2884 1234 2946 opus
1251 2875 1299 2926 est
1321 2875 1353 2928 et
1370 2865 1556 2945 videndum,
1582 2887 1623 2930 ne
1638 2869 1666 2930 is
1682 2869 1780 2950 locus,

435 2976 493 3040 ubi
511 2983 618 3056 empta
640 2981 689 3035 est
704 2973 805 3052 glans,
832 2972 901 3050 ipsa
924 2970 993 3030 eius
1015 2969 1102 3048 origo
1125 2986 1195 3029 esse
1218 2976 1357 3048 putetur,
1384 2987 1458 3030 nam
1480 2969 1634 3032 eiusmodi
1657 2972 1783 3035 reculae

435 3079 526 3141 facile
541 3079 611 3159 ‚huo
633 3075 709 3137 illuc
730 3080 896 3155 portantur
916 3069 973 3158 ¹(cl.
993 3090 1044 3132 ex.
1062 3088 1109 3150 gr.
1130 3071 1209 3147 tiso,
1235 3069 1270 3132 bl
1289 3093 1313 3134 o.
1332 3091 1363 3145 r,
1390 3073 1429 3131 66
1446 3071 1484 3154 ε),
1511 3090 1593 3135 neve
1616 3069 1783 3138 fraudibus

434 3180 647 3261 decipiamur,
685 3172 942 3258 quandoquidem
978 3191 1041 3234 non
1070 3174 1173 3235 solum
1203 3171 1321 3234 falsarii
1353 3171 1411 3235 sed
1445 3175 1538 3236 etiam
1572 3176 1784 3256 genuiuarum

434 3282 635 3359 venditores,
666 3287 703 3342 ut
725 3277 823 3341 merci
853 3277 992 3357 pretium
1022 3285 1173 3356 augeant,
1207 3275 1360 3355 originem
1384 3274 1505 3356 lingere
1528 3276 1639 3339 soient.

521 3385 650 3447 Subieci
673 3382 841 3444 elenchum
864 3381 1021 3457 locorum,
1055 3377 1174 3459 quibus
1204 3377 1336 3458 glandes
1359 3379 1468 3440 Latine
1498 3378 1668 3461 inscriptas
1690 3401 1784 3445 acce-

438 3490 545 3570 pimus
567 3494 710 3567 repertas
732 3502 814 3562 esse,
840 3480 1000 3544 adiunctis
1022 3481 1063 3543 iis
1084 3481 1192 3542 ltaliae
1214 3480 1371 3561 partibus,
1397 3478 1483 3542 unde
1506 3480 1637 3561 glandes
1659 3485 1711 3546 vel
1734 3487 1787 3546 iu-

436 3592 607 3673 scriptione
631 3595 778 3651 carentes
800 3585 851 3646 vel
873 3603 937 3646 non
961 3584 1070 3646 Latine
1094 3583 1264 3663 inscriptae
1286 3591 1514 3663 provenerunt.

479 3695 508 3755 l.
533 3694 579 3755 De
601 3690 765 3768 Asculo,
799 3687 1022 3768 Gorropoli,
1058 3688 1260 3748 Tortoreto
1288 3683 1362 3746 vide
1390 3684 1431 3748 ad
1454 3684 1586 3766 glandes
1608 3687 1783 3753 Asculanas

534 3817 567 3877 p.
586 3795 604 3855 5
620 3812 691 3874 sqq.
740 3789 832 3865 Quod
849 3788 889 3852 ad
909 3792 1059 3853 Tortorcto
1073 3790 1196 3866 attinet,
1224 3789 1254 3849 h.
1273 3788 1296 3849 l.
1313 3786 1433 3850 addere
1455 3787 1544 3868 libet,
1571 3807 1653 3869 quae
1668 3792 1785 3854 Neme-

535 3899 603 3959 sius
617 3895 722 3974 llioci,
749 3895 776 3957 le
792 3892 939 3988 cptichitd
953 3893 1023 3955 dell’
1038 3911 1114 3975 apro
1131 3892 1287 3953 Polmcosc
1301 3909 1335 3971 p.
1355 3889 1395 3951 ll
1410 3903 1584 3954 memorat:
1611 3893 1736 3956 latoroo
1752 3895 1784 3957 ol

532 3999 668 4081 pomerio
691 3997 774 4060 detta
799 3995 879 4058 Oittd
904 3994 1039 4077 (Palmae
1061 3994 1210 4074 Picenae,
1237 4012 1332 4074 quam
1356 3993 1389 4054 in
1412 3991 1504 4055 dorso
1527 3995 1659 4074 montis,
1684 3996 1785 4058 valles

533 4100 682 4164 vibratae
705 4107 738 4161 et
752 4098 896 4161 salinelli
919 4097 1108 4178 separantis,
1129 4099 1321 4158 aTortoreto
1344 4094 1539 4158 occidentem
1555 4115 1669 4160 versus
1688 4099 1782 4161 sitam

535 4223 605 4267 esse
627 4201 760 4284 censet),
783 4200 1038 4283 priocipolmcnte
1060 4198 1110 4260 sol
1135 4199 1208 4261 colle
1230 4217 1319 4261 verso
1340 4199 1487 4280 Leucate,
1512 4216 1529 4259 e
1550 4198 1628 4261 nolle
1646 4200 1784 4281 placare

534 4307 567 4369 di
580 4307 682 4386 lta'poli
702 4324 718 4367 e
735 4305 949 4383 dommoruna,
975 4303 1005 4364 si
1025 4309 1190 4364 trovorooo
1213 4301 1301 4364 molto
1318 4300 1451 4384 phtaade
1472 4301 1584 4364 missili
1601 4301 1635 4364 di
1652 4301 1782 4384 plumbo,

534 4409 571 4472 ed
593 4409 703 4472 alutae
725 4408 827 4470 horton
849 4407 867 4469 ι’
892 4404 1030 4489 epigrofe
1050 4404 1085 4466 di
1106 4423 1189 4478 irai,
1214 4424 1261 4466 rut
1287 4401 1372 4487 [vide
1394 4421 1427 4466 n.
1454 4405 1517 4483 t,r
1547 4413 1579 4465 et
1601 4406 1683 4485 nii,
1702 4405 1742 4488 4].

477 4514 508 4576 2.
536 4511 701 4574 Castalio
724 4510 763 4573 di
785 4509 907 4572 Ocrio.
954 4509 1031 4570 Eam
1054 4507 1209 4589 originem
1231 4515 1370 4569 notatam
1392 4506 1455 4586 legi
1478 4506 1512 4567 in
1535 4505 1660 4570 duabus
1689 4509 1784 4588 glan-

534 4613 631 4677 dibus
652 4613 878 4695 anepigraphis
901 4611 1004 4674 musei
1026 4610 1223 4672 Kircheriani
1246 4628 1280 4671 n.
1298 4610 1361 4670 326
1377 4617 1410 4670 et
1424 4606 1499 4669 337.
1545 4609 1785 4691 Intellegendus

534 4716 665 4780 videtur
687 4734 758 4779 esse
782 4734 855 4777 cum
877 4715 1023 4777 Fiorellio
1046 4714 1133 4775 locus
1156 4711 1285 4794 quidam
1309 4710 1491 4792 provinciae
1512 4710 1700 4794 Aquitanae,
1726 4713 1783 4776 ubi

534 4829 637 4884 exsut
660 4819 751 4881 vicus
776 4817 854 4880 Ocra
876 4827 908 4880 et
930 4836 1021 4880 mons
1046 4817 1147 4878 Ocrio.
1190 4814 1237 4877 cf.
1264 4814 1357 4895 Gorp.
1377 4815 1419 4874 tx
1441 4831 1474 4894 p.
1494 4813 1568 4874 ala.

476 4925 509 4987 6.
534 4925 732 4988 Etruscas
766 4919 898 5003 glandes
919 4919 1028 4983 Asculi
1056 4927 1200 5000 repertas
1231 4917 1403 4978 memoravi
1425 4934 1458 4978 n.
1478 4915 1549 5008 lb..
1578 4917 1707 4979 Praeter
1728 4935 1784 4980 eas

535 5025 665 5089 aliunde
689 5027 896 5088 innotuerunt
917 5024 986 5102 hae,
1013 5039 1132 5102 quase
1156 5039 1190 5082 re
1212 5021 1316 5082 visum
1340 5027 1389 5080 est
1410 5019 1442 5081 h.
1467 5018 1489 5079 l.
1515 5037 1715 5098 componere.

504 5267 528 5330 t)
549 5266 662 5318 (itandis
678 5265 851 5316 Atheniensis
869 5262 937 5314 dues
955 5263 1046 5313 ululas
1071 5261 1223 5313 exhibentis
1245 5258 1377 5322 (vischer,
1399 5259 1529 5323 Sctrtftso
1548 5259 1572 5310 11
1594 5273 1621 5325 p.
1637 5259 1695 5321 att)
1715 5257 1786 5312 tides

437 5353 503 5426 inihi
521 5351 630 5404 ridetur
647 5353 774 5418 suspecta
792 5362 860 5408 esse,
882 5361 945 5398 nam
962 5349 1095 5412 imagines
1114 5348 1226 5399 incusas
1246 5349 1318 5397 sunt.
