3922 6240
415 601 462 671 28
897 611 1054 660 6666666
1073 611 1279 661 Ascvnauan

415 825 532 882 quoque
561 808 692 880 peditum
716 806 819 862 decem
842 806 917 862 milia
940 806 1068 862 adfuisse
1090 806 1192 863 scribit
1214 804 1361 875 Appianus
1389 797 1428 877 (b.
1449 820 1476 861 c.
1500 809 1526 871 6,
1549 799 1597 880 lt)
1626 805 1762 875 idemque

414 912 451 968 de
474 913 586 968 auxiliis
608 910 772 966 Italicorum
796 909 928 977 Gallicis,
962 908 1099 964 mercede
1129 908 1280 964 conductis
1308 907 1503 978 Transalpinis
1531 909 1643 978 opinor,
1675 909 1762 979 paulo

414 1021 480 1085 post
502 1011 592 1069 verba
616 1013 683 1068 lacit
709 1009 750 1086 [b.
769 1030 797 1069 c.
820 1018 846 1080 6,
864 1005 929 1080 60).
964 1012 1060 1067 Utrius
1083 1014 1169 1081 igitur
1190 1013 1279 1081 partis
1302 1009 1450 1066 Gallorum
1473 1011 1527 1066 hae
1549 1010 1669 1082 glandes
1692 1013 1758 1079 sint,

414 1133 471 1173 uou
495 1101 628 1173 constat’
674 1117 752 1172 llaec
768 1117 963 1172 llommsenus
986 1115 1075 1169 roll
1098 1115 1134 1169 ad
1156 1131 1186 1169 n.
1208 1116 1280 1169 65l.

418 1345 456 1410 Π
478 1350 630 1426 [=Corp.
650 1355 692 1409 IX
715 1371 744 1411 6.
766 1360 859 1424 6086,
878 1348 949 1429 xvir]
995 1359 1005 1410 6
1034 1356 1113 1424 origo
1143 1368 1201 1409 non
1229 1353 1359 1409 traditur.
1386 1382 1429 1390 -
1457 1353 1535 1409 lnter
1555 1353 1626 1410 belli
1649 1354 1763 1410 socialis

501 1457 620 1527 glandes
651 1457 769 1514 exhibet
794 1472 891 1514 ururc.
929 1451 969 1531 [in
997 1472 1096 1512 museo
1124 1456 1312 1526 Neapolitano
1342 1471 1371 1510 n.
1394 1461 1431 1512 55
1452 1477 1494 1502 =
1519 1450 1601 1531 697).
1655 1457 1763 1513 Pendet

506 1564 578 1627 l6‚5
603 1575 648 1628 gr.

460 1667 475 1718 6
507 1664 587 1733 origo
621 1678 679 1719 666
707 1662 830 1718 traditur
864 1657 942 1737 [olim
972 1661 1134 1731 Santaugeli
1164 1678 1192 1716 n.
1223 1664 1250 1727 l,
1283 1677 1360 1716 nunc
1384 1662 1413 1715 in
1443 1677 1546 1718 museo
1575 1662 1763 1733 Neapolitano

500 1782 530 1820 n.
554 1760 658 1840 6662).
706 1765 816 1821 Pendet
840 1769 877 1822 66
901 1783 959 1837 gr„
986 1763 1116 1835 robigine
1139 1763 1277 1834 subnigra
1299 1767 1458 1820 incrustata
1481 1771 1537 1820 est.

668 2079 694 2128 ι
905 1974 923 2161 l
986 1972 1075 2223 {gyf

666 2431 1243 2812 2ο

420 2933 451 2983 6;
478 2924 550 2981 Tab.
569 2925 607 2980 lll
628 2930 657 2982 8.
709 2925 857 2994 Descripsi
886 2929 918 2979 ut
947 2939 1036 2994 supra
1066 2927 1294 2995 repraesentavi.
1325 2954 1369 2965 —
1398 2927 1513 2983 Piorelli
1544 2928 1637 2985 Cotol.
1664 2947 1693 3002 p.
1727 2935 1757 2985 66

458 3045 488 3085 6.
511 3033 585 3085 ter:
629 3041 691 3081 ιἰιιι
714 3026 850 3082 videlicet
879 3026 915 3081 ad
946 3027 1093 3096 exemplar
1122 3028 1317 3099 inscriptionis
1346 3043 1426 3099 uar-;
1462 3037 1491 3087 at
1517 3047 1551 3088 ea
1574 3033 1678 3089 ficticia
1701 3039 1759 3090 est:

458 3131 524 3188 vide
547 3131 647 3187 lalsam
670 3147 699 3185 6.
720 3125 764 3186 3“.
790 3157 834 3168 -
857 3129 985 3184 Eandem
1013 3129 1145 3186 exhiberi
1168 3133 1280 3189 conicio
1302 3117 1318 3188 a
1341 3134 1456 3190 llinicio
1478 3140 1499 3190 t.
1518 3135 1543 3189 ll
1569 3139 1618 3202 66,
1652 3150 1681 3205 p.
1702 3141 1761 3196 202

458 3241 486 3290 et
510 3239 569 3292 sta
607 3226 685 3308 (inde
708 3232 816 3288 Ritsehl
839 3236 859 3287 t.
876 3232 936 3287 Vlll
956 3237 992 3289 69
1024 3239 1053 3288 66
1081 3234 1240 3290 llcmmsen
1270 3236 1327 3293 vol.
1354 3236 1365 3292 l
1388 3253 1416 3292 6.
1439 3240 1497 3294 ert
1530 3239 1607 3308 ligno
1630 3230 1699 3310 666.)
1733 3241 1763 3294 66

458 3338 532 3395 tab.:
565 3341 659 3404 tago,
694 3337 723 3390 in
746 3350 853 3392 comm.
877 3352 908 3406 p.
930 3340 1004 3393 tlt:
1032 3327 1121 3396 ofilio
1149 3329 1218 3410 (cac
1247 3339 1402 3411 legendum
1432 3340 1498 3397 lort.
1530 3357 1594 3420 esse
1624 3337 1759 3416 addens).

458 3441 521 3498 Non
552 3445 632 3496 recte
661 3451 723 3495 τιιιι
754 3437 821 3509 legit
851 3438 1051 3494 Gamurrinius
1080 3439 1158 3496 nott.
1184 3437 1249 3497 dell’
1266 3444 1335 3498 lost.
1358 3447 1437 3501 6868
1464 3459 1495 3514 p.
1517 3446 1575 3502 689
1606 3460 1661 3501 666
1691 3462 1763 3517 pro-

459 3549 585 3606 babilius
607 3547 718 3618 putavit
740 3545 815 3600 male
839 3544 1015 3614 descriptam
1037 3559 1102 3601 esse
1124 3561 1178 3616 pro
1201 3559 1288 3602 οιικο
1317 3539 1394 3623 (vide
1409 3551 1538 3603 nostram
1560 3563 1589 3601 n.
1610 3543 1659 3624 86)
1688 3549 1764 3606 Gar-

460 3653 578 3708 ruccius
601 3649 672 3721 Syll.
690 3664 721 3703 n.
743 3650 814 3704 960.

417 3761 451 3813 6ι
477 3754 549 3811 Tab.
568 3755 605 3808 lll
626 3757 674 3808 tc.
714 3751 863 3822 Descripsi
880 3756 911 3805 ut
932 3767 1020 3822 supra
1042 3753 1270 3822 repraesentavi.
1296 3780 1339 3791 -
1361 3751 1488 3808 Eandem
1504 3754 1608 3822 opinor
1623 3754 1764 3822 significat

459 3858 635 3914 Garruccius
650 3854 720 3926 Syll.
735 3869 766 3908 n.
783 3856 843 3910 967
867 3855 898 3908 66
920 3869 977 3908 666
994 3869 1029 3910 ex
1045 3853 1261 3925 Santangclanis
1284 3867 1346 3909 666.
1367 3855 1538 3926 inscriptum
1554 3869 1620 3910 esse
1640 3863 1761 3912 testans.

501 3993 633 4049 Minicius
654 3995 805 4062 praeterea
828 3988 889 4045 tab.
908 3991 933 4045 ll
959 3994 1007 4058 ts,
1034 4007 1065 4061 p.
1086 3995 1145 4048 202
1173 3984 1249 4065 (inde
1265 3991 1373 4048 llitschl
1396 3997 1417 4046 6.
1437 3990 1498 4046 Vlll
1523 3995 1577 4057 68;
1604 3992 1763 4049 Mommsen

415 4095 472 4153 vol.
492 4098 550 4152 ln.
571 4099 648 4164 6553
677 4092 818 4150 Garrucci
841 4091 912 4163 Syll.
938 4109 969 4147 6.
986 4087 1056 4170 968)
1079 4095 1189 4164 origine
1205 4095 1253 4150 vel
1268 4109 1368 4152 museo
1388 4110 1447 4152 non
1469 4101 1627 4151 memorato
1648 4096 1765 4153 exhibet

415 4199 565 4271 glandem:
602 4209 704 4253 ucat.
751 4193 808 4252 Sed
838 4194 901 4250 fieri
924 4200 1028 4267 potest,
1059 4203 1091 4252 ut
1114 4212 1172 4252 non
1195 4199 1232 4252 sit
1255 4198 1312 4253 nisi
1334 4195 1532 4268 apographum
1555 4199 1650 4254 minus
1673 4213 1765 4255 accu-

415 4309 510 4358 ratum
532 4300 662 4358 eiusdem
685 4298 772 4354 huius
798 4303 831 4366 6;
866 4304 946 4354 certe
968 4300 998 4353 in
1014 4314 1119 4356 comm.
1138 4315 1169 4370 p.
1190 4303 1248 4358 ata
1273 4305 1390 4371 practer
1404 4300 1565 4370 Lipsiauam
1588 4314 1647 4356 666
1669 4302 1764 4358 solum

414 4405 500 4461 huius
521 4404 718 4474 inscriptionis
733 4402 898 4473 exemplum
913 4409 1054 4459 memorat
1075 4401 1145 4458 illud
1168 4394 1267 4470 aneu,
1294 4402 1372 4473 quod
1395 4419 1431 4459 ex
1453 4409 1549 4460 nostra
1577 4408 1586 4458 l
1608 4406 1763 4474 repetitum

416 4523 483 4564 esse
505 4521 594 4576 supra
617 4506 739 4563 conieci.

501 4609 658 4680 Utriusque
673 4606 786 4679 glandis
808 4606 958 4677 inscriptio
975 4604 1100 4662 difficilis
1116 4612 1160 4662 est
1181 4607 1329 4676 lectionis;
1356 4607 1408 4662 sed
1431 4607 1507 4664 hanc
1530 4621 1613 4663 terr
1636 4608 1764 4680 diligenti

415 4714 547 4768 examine
573 4717 720 4782 repertam
746 4710 815 4765 satis
846 4713 955 4765 certam
979 4710 1122 4765 existimo.
1169 4709 1250 4766 Prior
1273 4725 1287 4765 6
1311 4711 1402 4781 magis
1424 4711 1586 4766 acuminata
1610 4719 1653 4768 est
1675 4727 1763 4784 quam

415 4817 519 4882 altera3
547 4829 567 4868 a
590 4829 689 4871 errore
712 4812 796 4869 lacilc
819 4827 855 4867 ex
877 4811 969 4868 torma
991 4816 1070 4868 retro
1092 4811 1279 4868 inscribenda
1303 4812 1474 4884 explicando
1496 4813 1612 4868 inversa
1635 4819 1688 4870 est.

500 4919 564 4973 lluc
593 4916 690 4972 rettuli
719 4921 891 4988 propterea,
929 4913 1006 4985 quod
1043 4912 1268 4984 Santangclanae
1304 4908 1387 4988 (inter
1419 4931 1493 4985 quas
1522 4923 1566 4972 est
1596 4912 1624 4990 6)
1662 4932 1764 4974 omnes

413 5020 576 5078 asculanae
605 5019 652 5076 vel
682 5025 762 5076 certe
790 5019 913 5075 Picenae
943 5023 1027 5086 sunt,
1061 5019 1151 5075 altera
1180 5024 1276 5074 autem
1306 5011 1344 5094 (6)
1385 5017 1453 5076 huic
1483 5019 1626 5075 simillima
1656 5023 1701 5076 cst
1730 5035 1764 5076 ac

414 5125 537 5180 fortasse
559 5124 633 5182 adeo
655 5139 691 5179 ex
714 5121 816 5178 eadem
839 5121 930 5177 forma
953 5122 1097 5191 provenit.
1139 5122 1200 5179 lluc
1216 5121 1358 5178 accedere
1380 5121 1495 5179 videtur
1517 5123 1594 5193 quod
1619 5123 1760 5194 llinicius,

415 5228 438 5280 si
466 5233 564 5282 tamen
594 5228 641 5283 ille
668 5226 744 5282 hauc
777 5230 788 5281 6
823 5223 930 5293 edidit,
963 5226 1039 5281 inter
1061 5224 1181 5297 glandes
1212 5223 1279 5281 belli
1308 5226 1423 5282 socialis
1453 5224 1588 5292 exhibet3
1621 5225 1674 5281 sed
1702 5227 1764 5281 lieri

417 5334 522 5400 potest,
548 5335 581 5385 ut
603 5328 633 5384 id
657 5329 758 5386 collata
781 5344 811 5383 n.
834 5332 870 5384 66
895 5329 1063 5384 coniecerit.
