3902 6238
720 660 919 726 PRAEFATIO,
1358 673 1495 723 xxxva

232 833 304 894 lano
332 832 550 894 testimonium
584 830 625 914 (v.
651 850 708 894 nos
737 853 770 912 p.
791 832 820 914 4)
854 843 886 895 34
915 841 1042 914 praeter
1070 833 1201 914 glandes
1232 854 1328 917 supra
1358 839 1493 918 scriptas

234 935 421 998 memoravit
450 933 529 997 duas
553 934 724 1014 inscriptas
746 953 778 997 n.
798 936 850 1015 24,
871 957 897 999 33
918 945 950 998 34
973 936 1024 1016 27,
1043 955 1056 998 a
1079 947 1112 998 34
1136 929 1223 1000 ‘alias
1245 938 1345 1002 literis
1367 940 1495 1022 lugien-

232 1028 337 1116 tibus',
369 1056 449 1118 quas
477 1039 558 1099 sicut
587 1037 658 1099 illas
681 1056 713 1098 3.
740 1039 771 1118 9,
794 1058 822 1100 ar
845 1039 1062 1101 3431133333
1092 1037 1179 1118 apud
1202 1041 1429 1104 Lanoellottum
1452 1043 1492 1106 de

231 1138 430 1202 Lancellottis
453 1141 624 1221 patricium
646 1139 842 1202 Asculanum
866 1159 900 1203 se
924 1140 1044 1203 vidisse
1067 1150 1215 1204 43343433.

142 1245 263 1306 Walter
286 1245 429 1306 11333333
452 1244 485 1304 43
500 1241 726 1323 Archaeologia
742 1242 945 1306 Londiniensi
969 1244 1031 1306 vol.
1049 1245 1172 1324 XXXII,
1193 1244 1287 1324 4847,
1313 1265 1345 1326 p.
1364 1248 1404 1307 96
1417 1265 1489 1329 sqq.

230 1344 269 1408 de
294 1345 457 1426 glandium
480 1364 541 1408 usu
562 1345 715 1408 disseruit
736 1344 793 1408 sed
815 1347 957 1409 Latinam
980 1347 1221 1428 inscriptionem
1244 1366 1307 1410 non
1331 1349 1489 1415 exhihuit.

229 1448 391 1522 Quaedam
414 1455 523 1511 narrat
545 1449 625 1510 mira
648 1446 841 1529 aliundeque
864 1450 959 1531 plane
982 1448 1135 1529 inaudita,
1162 1459 1198 1511 ut
1219 1468 1307 1512 mero
1322 1455 1492 1516 memoriae

229 1569 336 1614 errore
351 1551 439 1614 illata
462 1569 531 1612 esse
546 1560 650 1630 putes.
691 1549 767 1612 Eius
790 1549 916 1631 generis
938 1560 1012 1613 3334
1025 1550 1089 1613 duo
1112 1570 1194 1633 quae
1209 1573 1242 1634 p.
1264 1554 1323 1614 406
1343 1563 1488 1636 43343433,

228 1654 320 1735 prius
335 1653 512 1716 Florentiae
532 1654 706 1717 maximum
722 1653 888 1734 glandium
911 1671 1080 1716 numerum
1104 1663 1265 1736 repertum
1288 1675 1358 1719 esse
1381 1657 1491 1739 ibique

228 1757 361 1820 fortasse
377 1757 658 1819 armamentarium
679 1745 850 1838 (Arsacal')
878 1755 990 1833 iuisse;
1018 1757 1218 1837 alterumque
1234 1757 1307 1830 hoo,
1334 1760 1367 1820 in
1382 1760 1493 1841 Erycis

229 1859 348 1938 ruinis,
375 1857 554 1938 abrepano
577 1861 731 1921 orientem
753 1878 868 1922 versus
891 1859 971 1933 sitis,
998 1858 1130 1940 glandes
1153 1869 1295 1940 repertas
1318 1879 1387 1923 esse
1410 1880 1493 1924 non·

228 1962 334 2023 nullas
357 1961 637 2041 imprecationibus
661 1961 849 2042 inscriptas,
876 1979 926 2022 33.
953 1980 1001 2042 gr.
1023 1952 1114 2042 ‘your
1135 1961 1225 2024 beart
1243 1960 1295 2042 for
1319 1956 1489 2046 Cerberua',

227 2063 347 2126 librum
370 2064 471 2125 citans
494 2063 627 2144 Smythii
652 2063 746 2144 Sicily
769 2083 800 2145 p.
820 2062 897 2143 212,
930 2081 992 2144 quo
1015 2072 1121 2126 tamen
1151 2065 1232 2126 hanc
1253 2065 1493 2145 inscriptionem

228 2186 292 2229 non
315 2164 461 2228 exhiberi
483 2167 627 2246 inspecto
650 2164 731 2228 libro
754 2167 830 2227 mihi
853 2173 989 2228 testatus
1011 2173 1061 2228 334
1081 2164 1247 2249 Augustus
1270 2168 1460 2232 Wilmanns.

142 2285 254 2366 loseph
276 2304 309 2347 y.
335 2285 472 2365 Hnrnnn,
506 2285 630 2368 Getulog
659 2285 714 2347 der
742 2285 927 2367 Vereioiptea
959 2286 1187 2370 Scmmluopeo.
1218 2287 1256 2348 N.
1276 2289 1305 2348 l.
1337 2288 1492 2351 llunchen

230 2388 325 2449 4846.
364 2389 508 2469 Inspexit
530 2391 563 2450 in
585 2407 679 2451 usum
702 2407 809 2450 meum
832 2387 1008 2450 Guilelmus
1032 2387 1149 2451 Christ.

143 2525 244 2570 ——,
273 2489 543 2572 Obcrbcycriaobes
564 2485 679 2553 Archiv
700 2491 754 2552 Vll
782 2487 901 2571 (4846).

143 2631 242 2672 -,
269 2596 333 2656 Dos
349 2593 503 2656 1163443343
517 2595 651 2675 Baycro,
677 2593 710 2656 5.
727 2589 863 2677 14314393,
889 2593 1046 2654 Munchcn
1071 2591 1277 2654 4862-13
1303 2596 1352 2656 his
1374 2596 1492 2659 libellis

202 2695 206 2704 '
227 2693 375 2760 exhibuit
390 2695 522 2778 glandes
543 2696 646 2758 musei
669 2696 743 2757 olim
759 2695 978 2776 Dodwelliani,
1005 2693 1063 2757 sed
1086 2694 1240 2759 lectiones
1260 2705 1383 2759 tantum
1399 2698 1491 2761 modo

226 2818 267 2860 33
290 2799 361 2861 3433
385 2800 524 2880 catalogo
553 2796 636 2880 (vide
659 2799 781 2874 Norrcn)
808 2799 987 2878 exscripsit.
1396 2861 1400 2870 ,

141 2902 318 2966 Guilelmus
351 2901 472 2965 Hnnzmt
506 2902 540 2962 in
574 2901 683 2963 Orellii
717 2900 964 2982 inscriptionum
997 2900 1061 2961 vol.
1088 2900 1127 2960 111
1150 2919 1181 2961 3.
1203 2901 1285 2962 6886
1320 2903 1491 2967 nonnullas

229 3003 360 3086 glandes
382 3023 423 3066 33
443 3003 569 3064 11434343
591 3001 740 3064 exhibet.

141 3107 296 3172 Aemilius
318 3107 470 3169 Hyrcana.
517 3104 595 3168 Vide
618 3105 745 3169 Conrvs.

141 3213 373 3273 1333333333333
396 3209 449 3272 des
471 3209 540 3272 bist.
572 3209 694 3271 Vereins
716 3209 749 3270 io
771 3205 1008 3288 Mittelfrcolrec.
1056 3207 1136 3270 Vide
1160 3211 1292 3271 Parsrnn.

141 3317 186 3376 lm
208 3331 308 3376 aenea
330 3310 430 3374 143434.
470 3312 598 3392 Leipzig
622 3309 704 3372 1876
728 3312 789 3372 vol.
815 3310 851 3370 11.
898 3308 977 3372 Vide
999 3311 1158 3373 11311333.

141 3418 214 3479 0443
236 3419 366 3478 1133333.
414 3412 494 3477 Vide
516 3432 549 3477 3.
568 3415 636 3494 844,
658 3435 697 3477 ro.

141 3519 473 3581 01333113333333333.
519 3516 599 3580 Vide
622 3515 663 3579 ad
685 3535 717 3578 3.
744 3514 796 3596 77,
816 3536 839 3577 1.

141 3623 282 3683 Renatus
319 3621 488 3699 Xnuvrunn,
533 3618 585 3680 des
618 3618 791 3700 projectilcs
825 3617 1143 3700 cylindro-cociones
1180 3638 1219 3680 oc
1252 3637 1290 3680 eo
1324 3619 1401 3681 olive
1435 3620 1486 3682 dc-

226 3725 297 3804 puis
321 3723 338 3784 l‘
363 3721 511 3803 antiquitt
523 3720 651 3803 jusqu’d
671 3739 727 3784 cos
742 3721 844 3800 jours,
879 3721 924 3781 in:
948 3723 1047 3782 Rcvuc
1070 3719 1204 3783 3334434.
1230 3739 1292 3782 333.
1318 3722 1336 3781 3
1361 3732 1437 3784 tom.
1463 3723 1490 3785 ll

234 3824 340 3906 (4883)
366 3844 400 3905 p.
419 3823 590 3887 284-287
614 3833 645 3886 34
674 3821 739 3886 tab.
757 3824 865 3885 XXlV.
922 3821 1033 3885 Edidit
1065 3822 1188 3904 lapides
1219 3811 1385 3903 missiles,
1411 3842 1491 3905 quos

230 3927 389 3989 Gallorum
411 3925 510 3989 luisse
533 3927 659 4005 statuit,
697 3934 729 3988 et
759 3925 798 3989 de
827 3924 924 3988 forma
954 3925 1091 3988 telorum
1120 3925 1292 3988 missilium
1318 3935 1382 3989 tam
1409 3929 1491 3991 anti-

228 4047 483 4111 quorumquam
509 4030 722 4091 recentiorum
745 4028 836 4091 olivis
859 4029 910 4090 vel
933 4026 1102 4109 glandibus
1126 4029 1278 4092 similium
1301 4028 1486 4111 disputavit,

228 4133 373 4213 Semperi
396 4141 503 4194 tamen
525 4129 670 4193 libellum
693 4149 756 4192 non
785 4130 933 4194 afferens.
980 4131 1119 4194 Glandes
1140 4132 1297 4194 Romanae
1319 4134 1490 4214 imaginem

229 4253 291 4296 non
315 4233 356 4297 ad
377 4251 479 4297 unum
503 4252 543 4295 33
565 4233 760 4315 archetypis,
787 4251 869 4314 quae
891 4234 1049 4313 permulta
1079 4242 1214 4310 exstant,
1241 4233 1401 4316 exhibuit,
1433 4233 1490 4298 sed

230 4355 271 4400 33
299 4333 338 4399 Α.
363 4336 466 4398 llichii
495 4336 597 4398 133433
626 4337 858 4416 archaeologico
886 4335 920 4396 in
948 4334 1057 4397 tabula
1083 4337 1215 4417 repetiit
1248 4335 1412 4418 (inscripta
1442 4346 1491 4400 334

228 4437 306 4522 rra),
333 4459 393 4502 nec
415 4447 502 4502 recte
523 4440 648 4519 putavit
670 4455 688 4499 a
710 4438 819 4500 Richio
842 4437 1004 4520 archetypi
1028 4437 1279 4519 magnitudinem
1302 4458 1489 4521 repraesen-

226 4551 324 4606 tatam
348 4560 430 4621 esse,
456 4559 528 4603 cum
551 4540 584 4603 id
606 4539 706 4603 luisse
728 4540 842 4604 debeat
864 4539 983 4602 moduli
1005 4539 1091 4603 haud
1111 4543 1217 4621 paullo
1240 4542 1378 4605 maioris.

141 4645 306 4726 Augustus
329 4645 477 4706 11333333.
524 4643 604 4707 Vide
626 4661 659 4706 3.
677 4643 718 4705 26
742 4654 808 4706 334.
834 4652 866 4705 34
890 4644 962 4722 414,
981 4663 1006 4704 3.

142 4743 294 4809 liudolfus
317 4749 471 4809 Lanatam.
518 4745 598 4809 Vide
621 4765 653 4807 3.
673 4745 725 4825 77,
746 4766 769 4809 1.

141 4851 290 4911 Lmnmrr.
337 4847 418 4911 Vide
440 4850 547 4911 143433.

142 4950 319 5014 Ludovious
341 4953 571 5015 Lrnnnnscnurr.
620 4949 699 5013 Vide
722 4969 753 5012 n.
781 4951 851 5030 lid*,
870 4972 893 5014 3.

144 5053 250 5116 133433
272 5043 403 5134 L'rhsrvs,
430 5053 640 5134 Poliorcetica,
665 5051 858 5134 Antverpiae
882 5053 977 5113 1666.
1024 5052 1119 5114 libro
1135 5052 1174 5113 lV
1196 5073 1222 5115 c.
1242 5055 1260 5114 3
1285 5059 1367 5115 3343.
1394 5052 1491 5133 quin-

229 5174 294 5236 quo
317 5154 452 5236 glandes
474 5156 621 5237 exhibet,
646 5147 740 5238 ‘quae
763 5175 868 5238 nuper
889 5163 1035 5237 repertae
1057 5163 1132 5217 sunt
1153 5173 1254 5236 prope
1268 5153 1431 5236 Asculum,
1456 5157 1491 5217 in

227 5248 527 5341 llumineTriunto’,
555 5258 635 5342 113.
656 5259 714 5340 48,
746 5258 775 5341 2)
803 5259 881 5335 31,
902 5279 924 5338 1,
951 5257 980 5339 8)
997 5274 1029 5318 3.
1052 5257 1103 5335 46,
1123 5279 1144 5337 1,
1172 5256 1202 5339 l)
1229 5276 1261 5319 3.
1279 5258 1331 5340 39,
1370 5257 1399 5341 6)
1426 5277 1490 5322 333

228 5360 425 5443 inscriptam.
479 5363 624 5424 Formam
647 5359 824 5443 faciemque
854 5360 1019 5442 glandium
1042 5359 1082 5422 ad
1103 5378 1211 5423 veram
1235 5359 1487 5443 magnitudinem
