3902 6238
1002 629 1199 679 PRAEFATIO.

532 803 663 864 Etrusca
688 802 730 881 (v.
749 821 844 882 supra
860 820 892 883 p.
911 803 980 862 XIX
1004 821 1036 862 n.
1055 799 1145 881 lllb),
1178 803 1286 864 Latina
1308 802 1407 864 nulla.
1454 803 1573 866 Omnes
1596 814 1629 867 et
1650 806 1778 868 modulo

533 915 565 967 et
589 904 685 966 [orma
708 905 759 984 iis,
785 921 866 984 quae
889 903 923 965 in
938 903 1069 965 Graecia
1085 913 1117 966 et
1131 903 1205 964 Asia
1220 904 1340 966 Minore
1356 907 1491 986 reperiri
1506 906 1624 987 solent,
1650 909 1779 970 similli-

438 1085 440 1090 .
533 1027 601 1069 mae
631 1014 714 1086 sunt,
741 1005 925 1087 Latinisque
956 1005 1105 1069 omnibus
1136 1005 1221 1068 baud
1254 1007 1352 1070 dubie
1375 1009 1474 1071 multo
1505 1010 1710 1090 antiquiores.
1737 1046 1777 1058 -

534 1111 687 1172 vittorius
709 1119 874 1189 praeterea
904 1108 1052 1190 glandem
1082 1130 1130 1172 sn
1160 1109 1343 1190 inscriptam
1372 1131 1401 1172 a.
1429 1112 1509 1173 4883
1542 1114 1658 1175 eximia
1688 1113 1782 1176 beni-

533 1213 672 1274 volentia
694 1211 775 1274 mihi
797 1211 878 1273 dono
902 1214 999 1274 misit.
1052 1211 1171 1275 Eadem
1195 1213 1325 1276 videtur
1347 1233 1433 1292 esse,
1469 1233 1566 1296 quam
1588 1235 1671 1279 anno
1696 1217 1776 1279 4864

534 1315 621 1396 apud
644 1317 750 1395 ipsum
773 1314 875 1376 obiter
897 1315 1111 1395 inspexeram.

457 1421 507 1480 44.
536 1417 669 1481 Gustel
695 1418 725 1480 d'
755 1413 862 1479 Asso.
909 1416 999 1480 Nolle
1024 1416 1215 1499 controfosso
1244 1417 1293 1480 del
1317 1419 1417 1481 Guatel
1446 1416 1574 1483 dAsso
1597 1439 1612 1482 e
1633 1421 1702 1484 nell'
1730 1423 1780 1485 io-

534 1530 619 1584 44444
649 1520 698 1583 dol
726 1520 850 1583 castello
879 1519 913 1583 di
939 1521 1019 1583 detta
1048 1522 1121 1583 cittcl
1149 1521 1356 1584 ultimameote
1384 1523 1414 1584 si
1442 1539 1515 1584 sono
1543 1530 1663 1586 trovato
1692 1526 1780 1589 molto

534 1623 666 1708 34444444
688 1623 800 1686 missili
821 1623 959 1684 lovorutc
982 1623 1014 1685 in
1037 1623 1163 1707 orpillo.
1206 1625 1286 1685 Sooo
1308 1642 1351 1684 un
1370 1641 1410 1704 po
1429 1623 1487 1705 piel
1501 1626 1617 1707 3444444
1637 1627 1672 1690 di
1685 1629 1781 1711 quelle

531 1730 633 1809 fiuoro
660 1728 827 1790 conosciute
857 1726 995 1788 luoorute
1022 1727 1055 1787 44
1073 1726 1203 1808 piombo.
1249 1726 1400 1807 L’urpillu
1426 1727 1495 1788 u'l
1523 1728 1618 1791 d'uno
1639 1729 1782 1796 dorem

538 1828 756 1913 sorprendcole
779 1830 816 1891 G.
834 1830 1026 1890 anzrcnsmr
1049 1829 1133 1893 Ball.
1159 1828 1228 1892 dell'
1251 1830 1328 1891 1444.
1357 1828 1438 1890 4873
1462 1850 1494 1910 p.
1516 1831 1576 1892 409
1592 1850 1640 1913 sq.
1666 1868 1710 1879 —
1733 1835 1779 1899 uf.

536 1952 651 2014 supra:
680 1933 813 1995 Orvielo.

460 2056 511 2119 48.
537 2057 637 2135 Prope
667 2053 854 2115 velitras.
902 2051 1061 2131 Bonanni‚
1094 2068 1241 2112 museum
1270 2051 1510 2115 Kiroherianum
1542 2051 1624 2114 4709
1647 2075 1680 2135 p.
1698 2055 1779 2118 207:

537 2157 764 2237 «fragmentum
787 2152 912 2234 plumbi
936 2154 969 2214 in
991 2172 1065 2234 agro
1087 2153 1256 2216 velitrensi
1279 2162 1457 2234 repertum,
1483 2153 1517 2214 in
1540 2154 1670 2218 sormam
1693 2160 1784 2239 glan-

539 2258 603 2322 odis
635 2255 882 2336 ooniormatum,
915 2275 977 2318 non
1000 2255 1131 2336 quidem
1162 2266 1332 2337 enatura,
1366 2274 1426 2320 noo
1455 2256 1496 2318 ab
1518 2267 1585 2318 arte
1607 2259 1780 2342 bominum,

539 2359 612 2424 used
635 2381 653 2424 a
676 2359 821 2436 coelesti3
853 2359 979 2420 eooelo
1009 2361 1094 2421 onim
1117 2358 1231 2423 cecidit
1253 2358 1315 2422 sub
1337 2377 1420 2421 anno
1443 2359 1523 2434 4496,
1558 2360 1685 2439 quando
1706 2364 1785 2427 urbs

539 2463 741 2526 «velitrensis
758 2461 918 2543 (relatione
933 2462 1075 2525 Bucelini
1090 2464 1123 2525 in
1139 2463 1311 2543 Menologio
1327 2460 1491 2524 Benedict.
1521 2460 1552 2544 [7
1568 2462 1655 2546 Deo,
1674 2484 1707 2546 p.
1722 2467 1778 2528 834

425 2581 429 2588 ·
540 2566 607 2629 aed.
628 2563 735 2646 l655])
759 2565 848 2646 gravi
871 2563 1035 2628 obsidione
1059 2566 1099 2628 ab
1122 2565 1268 2628 hostibus
1289 2563 1506 2645 premebatur,
1532 2566 1727 2630 orationibus
1749 2569 1782 2634 S.

536 2668 685 2733 «Gerardi
712 2657 789 2750 [‘qui
811 2676 843 2730 ct
866 2666 1019 2731 Girardus
1041 2678 1073 2730 et
1095 2658 1261 2749 Giraldus']
1287 2667 1356 2729 eius
1379 2668 1521 2750 episcopi
1543 2666 1677 2733 liberata
1705 2671 1782 2735 init:

537 2792 625 2835 ocum
648 2769 832 2853 plumbeam
855 2787 953 2850 super
975 2789 1029 2833 eos
1052 2771 1240 2852 grandinem
1263 2769 1348 2831 coelo
1371 2768 1568 2834 deduxisset.
1616 2773 1689 2834 Tale
1711 2792 1787 2854 pro-

541 2873 678 2956 odigium
702 2871 799 2934 refert
814 2871 909 2932 etiam
923 2872 1076 2952 Vghollus
1099 2875 1131 2934 in
1148 2874 1237 2934 ltalia
1252 2873 1347 2935 Saena
1362 2881 1437 2935 tom.
1457 2874 1469 2933 Ι
1496 2872 1539 2955 [p.
1558 2875 1598 2934 44
1616 2874 1668 2937 ed.
1688 2875 1782 2958 4747]

539 2980 588 3039 oin
620 2976 727 3056 Episo.
760 2973 870 3035 Velitr.
903 2975 951 3036 his
982 2973 1108 3037 verbis:
1144 2965 1232 3054 ‘Hio',
1265 2973 1298 3036 id
1327 2984 1375 3037 est
1405 2973 1580 3054 Gerendus,
1616 2965 1700 3039 ‘cum
1729 2979 1789 3041 ali-

542 3077 683 3161 oquando
705 3077 841 3140 Velitras
863 3077 983 3138 inimici
1006 3078 1182 3140 cinxissent
1204 3096 1332 3158 corona,
1359 3078 1427 3141 suis
1449 3077 1600 3160 precibus
1623 3079 1789 3144 obsidione

542 3182 663 3261 «solvit,
696 3199 769 3243 cnm
798 3180 890 3260 prius
912 3180 1095 3260 plumbeam
1118 3181 1304 3263 grandinem
1327 3199 1420 3242 orans
1442 3199 1460 3242 e
1483 3181 1568 3242 coelo
1596 3184 1790 3247 excussisset

542 3287 591 3346 ain
625 3273 753 3346 hostes?
812 3280 911 3344 Addit
943 3280 1118 3364 (Antonius)
1157 3284 1363 3346 Mancinallus
1392 3282 1446 3344 lib.
1478 3284 1496 3344 b
1530 3302 1628 3346 serm.
1666 3285 1729 3368 [tit.
1755 3286 1786 3368 b,

543 3385 613 3449 oiol.
631 3387 772 3448 xxxin*
796 3383 848 3447 ed.
877 3384 991 3466 4544];
1025 3376 1171 3467 ‘Legistis
1194 3387 1280 3449 enim
1302 3384 1373 3448 eius
1398 3383 1475 3464 [divi
1499 3385 1626 3468 Gyraldi
1648 3389 1791 3471 episcopi

543 3488 721 3570 «veliterni]
748 3487 974 3566 imprecatione
1003 3488 1141 3550 hostium
1165 3488 1319 3569 plurimos
1341 3486 1491 3567 plumbea
1522 3489 1676 3570 grandine
1700 3492 1792 3572 glan-

543 3592 648 3655 odium
664 3590 795 3653 formam
817 3589 973 3653 referente
997 3589 1070 3673 (quo
1091 3590 1209 3671 passim
1231 3593 1263 3652 in
1279 3609 1355 3671 agro
1378 3588 1483 3653 adhuc
1497 3590 1636 3674 videtur)
1656 3611 1792 3675 oppres·

543 3685 632 3758 «sos’
675 3694 777 3757 Huius
806 3695 934 3774 generis
957 3692 1088 3774 glandes
1111 3691 1280 3775 plumbeae
1311 3691 1533 3755 custodiuntur
1561 3692 1602 3755 ab
1630 3695 1792 3775 aliquibus

544 3810 711 3877 «tanquam
740 3796 876 3878 insignis
905 3795 1049 3858 miraculi
1080 3804 1308 3858 monumenta».
1355 3796 1439 3857 Haec
1468 3795 1650 3859 Bonannins
1672 3807 1790 3860 444444.

544 3935 588 3947 -
602 3898 783 3962 Alexander
797 3899 909 3979 Borgia
925 3899 1034 3960 istoria
1048 3896 1082 3958 di
1102 3897 1223 3961 velletri
1248 3897 1375 3980 (Nocere
1393 3895 1485 3979 4728]
1512 3918 1544 3978 p.
1563 3898 1626 3958 326
1649 3899 1793 3962 eiusdem

545 4003 585 4067 de
609 4020 717 4084 pugna
745 3999 788 4082 (in
805 4001 886 4063 Colle
907 3999 982 4061 delli
1002 4000 1137 4062 Brittom'
1157 4000 1239 4062 inter
1259 3998 1453 4062 velitrenses
1476 4008 1508 4062 et
1530 4001 1684 4064 Brittones
1707 4020 1795 4064 com-

547 4105 654 4185 missa)
681 4111 712 4166 44
735 4102 889 4186 grandine
912 4100 1062 4185 plumbea
1086 4100 1186 4163 lamae
1212 4101 1357 4163 meminit
1381 4100 1521 4165 addens:
1548 4104 1589 4165 Le
1610 4103 1740 4186 34444444
1762 4104 1797 4166 di

543 4206 673 4291 piombo,
699 4206 751 4269 ebe
774 4207 806 4268 44
821 4212 908 4267 tantu
921 4204 1009 4284 copia
1031 4205 1060 4266 at'
1081 4211 1209 4266 trovooo
1231 4203 1281 4266 uel
1295 4211 1399 4266 nostro
1417 4207 1582 4286 territorio,
1608 4206 1796 4287 particolar-

547 4317 643 4374 menle
664 4312 698 4372 in
713 4309 814 4392 quello
832 4314 923 4389 parte
938 4324 991 4369 ove
1013 4307 1029 4367 4
1047 4306 1136 4388 famu
1157 4306 1209 4369 4444
1223 4307 1359 4389 tepuisse
1373 4307 1407 4369 lu
1422 4305 1568 4391 battopliu
1589 4309 1636 4370 coi
1648 4309 1793 4387 84444444,

547 4433 620 4478 sono
642 4413 698 4475 bon
721 4413 843 4475 44444444
857 4411 900 4473 do
913 4410 1010 4492 quelle
1024 4408 1077 4471 ohe
1097 4410 1129 4472 ai
1146 4426 1244 4471 uacuo
1266 4427 1288 4470 o
1309 4409 1391 4471 tiror
1405 4411 1470 4473 coll’
1493 4429 1565 4474 orco
1580 4429 1597 4472 c
1615 4411 1689 4473 colle
1711 4409 1799 4473 bole-

548 4526 622 4598 4444,
637 4516 749 4598 percle
764 4514 860 4598 quelle
879 4531 973 4576 44444
996 4518 1216 4575 comuoemeote
1238 4511 1326 4574 tonde
1347 4511 1381 4574 di
1395 4519 1497 4592 creto,
1522 4532 1538 4575 4
1560 4520 1662 4596 queste
1676 4531 1748 4576 aooo
1764 4514 1798 4575 44

551 4639 627 4684 vcro
653 4617 758 4700 forma
779 4617 813 4680 di
832 4615 980 4700 34444444,
1006 4634 1021 4678 4
1042 4634 1104 4677 non
1126 4613 1161 4676 di
1187 4620 1287 4696 44444,
1324 4633 1376 4676 mo
1397 4616 1431 4678 di
1448 4615 1578 4697 plombo.
1604 4649 1646 4661 -
1676 4616 1799 4697 Super-

550 4725 636 4787 stitio
665 4723 720 4785 illa
751 4719 827 4783 inde
850 4717 979 4781 videtur
1000 4726 1074 4780 nata
1096 4735 1182 4798 esse,
1217 4717 1303 4798 quod
1325 4734 1436 4798 magna
1465 4717 1497 4778 vi
1520 4716 1673 4781 imbrium
1696 4717 1799 4781 offusa

551 4824 684 4909 glandes
706 4825 740 4886 in
763 4823 848 4904 agris
877 4818 1033 4884 denudari
1058 4828 1130 4882 cta
1159 4821 1287 4882 rusticis
1317 4820 1452 4900 reperiri
1481 4821 1601 4898 solent3
1640 4819 1680 4882 44.
1714 4839 1799 4901 quae

549 4951 582 5012 p.
600 4929 671 4992 XXI
687 4927 786 4989 relata
801 4933 878 4988 sunt
892 4923 932 4986 de
947 4925 1113 5004 liugnano.
1132 4956 1176 4967 -
1191 4922 1286 4985 Glans
1312 4921 1386 5004 (non
1405 4920 1581 5005 inscripta),
1608 4941 1702 5004 quam
1726 4941 1802 4985 mu-

551 5052 641 5096 seum
671 5024 928 5110 Kircherianumf
942 5025 983 5089 ab
1011 5024 1194 5088 Alexandro
1216 5025 1328 5107 Borgia
1352 5014 1463 5087 ‘nobili
1492 5025 1673 5105 velitrensi,
1707 5023 1802 5088 modo

551 5135 661 5199 Nuntii
691 5136 780 5196 Pont.
811 5129 964 5194 Auditore
993 5128 1140 5192 Coloniae
1169 5115 1374 5209 Agrippinao'
1405 5129 1527 5208 accepit
1557 5138 1589 5190 et
1618 5128 1802 5191 Bonannius

552 5248 574 5301 t.
591 5237 681 5299 LXvi
706 5237 744 5298 ⁴2
768 5232 910 5313 exhibet,
935 5233 1067 5295 fortasse
1089 5249 1187 5312 propo
1209 5230 1346 5294 Velitras
1368 5238 1494 5310 reporta
1517 5239 1577 5294 est.

476 5344 547 5404 434.
577 5339 632 5421 [llo
653 5338 800 5401 Labico
822 5356 854 5398 v.
881 5335 922 5397 ad
945 5354 977 5397 n.
1004 5337 1034 5413 6,
1053 5331 1106 5414 4.]
