3902 6238
448 612 470 680 4
950 622 1110 672 oceanas
1131 621 1286 672 3333333.

446 810 628 892 2[=Corp.
643 819 670 873 X
685 836 714 874 n.
733 813 935 894 8063]11-6
952 818 1072 889 glandes
1087 833 1138 872 sex
1160 811 1267 890 [Cefala
1283 815 1359 887 apud
1375 816 1557 873 baronissam
1574 812 1789 888 Mandralisca]

663 994 1007 1199 QQ·
1092 939 1559 1183 th

446 1231 593 1299 Descripsi
616 1232 738 1286 anticam
754 1230 878 1285 duarum
894 1234 923 1285 et
945 1231 1085 1300 posticam
1099 1228 1185 1284 unius
1201 1226 1236 1281 ad
1261 1234 1363 1299 ectypa
1380 1227 1416 1284 ab
1433 1227 1528 1283 Salina
1549 1230 1636 1282 missa
1652 1233 1682 1284 et
1703 1243 1793 1298 supra

447 1349 523 1403 quae
539 1335 655 1404 agnosci
671 1339 837 1404 potuerunt,
863 1332 1005 1388 delineata
1022 1331 1140 1387 exhibui
1160 1325 1197 1406 (in
1214 1330 1307 1386 antica
1324 1330 1440 1386 alterius
1457 1329 1628 1401 exemplaris
1648 1344 1668 1385 a
1692 1345 1792 1385 manca

446 1430 515 1509 est).
563 1436 769 1502 Mommsenus,
797 1439 848 1506 qui
870 1434 951 1502 vidit,
978 1432 1068 1490 edidit
1089 1433 1175 1504 Corp.
1194 1433 1222 1487 X
1245 1448 1273 1488 n.
1297 1437 1377 1490 8063
1395 1448 1419 1489 a.

532 1529 890 1615 11333333333333133).
916 1567 959 1576 -
979 1523 1082 1592 ‘Fusae
1105 1543 1172 1592 sunt
1194 1535 1313 1607 glandes
1335 1536 1390 1592 hae
1412 1538 1475 1593 sine
1498 1517 1587 1593 dubio
1610 1533 1681 1591 belli
1703 1552 1791 1592 eausa

446 1638 525 1711 quod
541 1643 630 1710 gessit
646 1643 674 1694 in
690 1639 784 1695 Sicilia
800 1640 866 1696 Sex,
881 1640 1035 1711 Pompeius
1051 1642 1169 1710 Magnus
1183 1624 1364 1711 imperat-or?
1404 1639 1598 1695 Mommsenus
1614 1638 1633 1692 1.
1650 1654 1690 1706 3.,
1718 1654 1791 1695 333-

447 1743 543 1798 terens
557 1743 679 1798 similem
696 1743 792 1798 fratris
807 1743 901 1799 lusam
917 1760 971 1815 per
982 1742 1091 1799 bellum
1103 1743 1298 1815 Hispanicum,
1315 1756 1401 1813 quam
1418 1742 1589 1799 exhibemus
1604 1741 1677 1797 infra
1691 1756 1721 1796 n.
1738 1744 1788 1798 to.

533 1999 694 2070 Sequentes
710 1999 871 2056 Sicularum
894 2000 1040 2070 glandium
1062 2001 1281 2068 inscriptiones,
1308 2000 1424 2055 mutilae
1449 1997 1493 2053 vel
1516 2000 1611 2054 minus
1636 2003 1713 2055 recte
1736 2000 1791 2055 de-

443 2106 579 2172 scriptae,
606 2118 674 2159 num
697 2102 813 2159 latinae
841 2106 908 2171 sint,
936 2103 1062 2159 discerni
1085 2103 1197 2174 nequit:

446 2254 473 2300 a
495 2245 609 2311 reperta
636 2257 688 2297 con
719 2241 792 2296 altre
822 2239 942 2297 molibdi
970 2257 983 2296 e
1010 2241 1236 2296 numerosissime
1265 2239 1374 2312 cuspidi
1401 2239 1432 2294 di
1453 2239 1556 2312 [333313
1583 2239 1614 2293 di
1643 2247 1790 2294 remeare

538 2343 661 2414 Neapoli
683 2359 698 2398 e
723 2343 803 2398 Tieee
829 2339 870 2417 [in
892 2357 993 2398 museo
1016 2337 1207 2414 Syracusano]
1235 2355 1266 2395 nr
1290 2354 1419 2398 ronam.

434 2941 487 2995 .Ex
515 2941 709 2997 delineatione
732 2938 889 2996 Salvatoris
918 2939 999 2996 Politi
1028 2939 1239 2996 communicata
1269 2951 1336 2990 cum
1358 2935 1535 2990 Mommsono
1564 2932 1601 2989 ab
1629 2935 1665 2989 Di
1686 2933 1788 3003 Torgia

447 3046 485 3099 at
509 3042 574 3099 031.
596 3046 689 3101 1811.

446 3177 470 3241 b
494 3199 530 3238 ex
552 3180 656 3237 eodem
678 3180 744 3237 loco
767 3178 850 3233 allata
878 3183 887 3232 1
916 3177 990 3234 Nov.
1013 3181 1092 3234 1811
1120 3171 1160 3252 [13
1183 3190 1285 3232 museo
1309 3166 1503 3250 Syracusano]
1530 3188 1561 3228 nr
1584 3188 1715 3232 ronuta,

441 3713 481 3766 Ex
496 3712 699 3771 delineatione.
744 3717 826 3775 Politi
842 3718 1052 3774 communicata
1068 3730 1135 3773 cum
1150 3717 1328 3773 Mommseno
1343 3715 1380 3772 ab
1396 3716 1432 3770 Di
1446 3715 1549 3785 Torgia
1566 3718 1582 3770 3
1599 3712 1671 3770 Nov.
1691 3713 1783 3768 1877.

442 3859 463 3907 c
492 3851 538 3905 333
562 3851 639 3906 altre
659 3853 814 3927 (pilando)
835 3851 994 3923 9113333331
1015 3847 1217 3928 3131313333)
1240 3850 1275 3926 sal
1298 3860 1439 3922 otreeatc,
1466 3852 1515 3908 cle
1536 3851 1575 3906 ta
1597 3849 1717 3905 rilevato
1739 3851 1786 3904 vi-

492 3956 555 4008 cino
577 3970 636 4010 ono
654 3961 747 4027 punto
769 3955 792 4011 il
814 3953 930 4011 numero
952 3957 1079 4011 Romano
1102 3957 1134 4010 11
1153 3968 1260 4011 stessi.

1104 4105 1122 4145 ll

439 4224 530 4281 Alessi
562 4226 662 4282 lettera
692 4229 771 4285 18111
800 4244 831 4299 p.
859 4232 896 4285 33
936 4221 1012 4303 (inde
1038 4227 1198 4284 Mommsen
1228 4226 1351 4299 Corpl
1381 4227 1417 4283 ad
1445 4242 1475 4282 n.
1502 4229 1560 4283 613
1592 4232 1621 4281 31
1648 4224 1785 4294 633311

438 4343 467 4384 n.
488 4334 568 4386 8063
580 4344 594 4385 3
606 4347 634 4399 3,
660 4329 712 4387 ubi
728 4331 757 4386 in
773 4336 856 4401 parte
872 4332 1022 4402 superiore
1043 4345 1119 4400 quae
1134 4329 1289 4398 adnotavit,
1317 4329 1353 4384 ad
1369 4329 1482 4400 glandis
1499 4343 1528 4382 n.
1550 4331 1630 4385 8063
1645 4324 1687 4382 ab
1709 4326 1785 4381 alte-

439 4446 503 4486 rum
520 4432 669 4503 exemplar
682 4435 828 4504 pertinent
850 4449 903 4504 333
919 4434 1012 4504 iisque
1028 4431 1232 4490 substituenda
1254 4438 1321 4488 sunt
1337 4447 1381 4502 33,
1408 4447 1483 4503 quae
1499 4446 1553 4501 ego
1569 4419 1783 4504 supraposui).

524 4567 628 4625 Alassii
649 4567 740 4626 verba
763 4571 801 4625 ita
823 4570 1030 4641 interpretatus
1053 4575 1096 4626 est
1117 4571 1323 4636 Mommsenus,
1350 4574 1381 4624 ut
1404 4569 1433 4623 in
1455 4568 1544 4624 altera
1567 4565 1679 4638 glandis
1702 4569 1785 4634 parte

439 4669 607 4741 cuspidem,
640 4675 669 4727 in
692 4672 780 4726 altera
803 4672 827 4727 ll
851 4673 993 4728 exstitisse
1016 4677 1168 4740 statueret,
1200 4671 1310 4727 addens
1333 4671 1418 4742 Corp.
1436 4671 1464 4726 X
1486 4671 1507 4726 1.
1526 4685 1567 4727 e.:
1610 4655 1785 4724 ‘siluerunt

436 4771 567 4840 litterae,
599 4773 715 4830 videtur
741 4774 896 4844 significari
926 4776 959 4830 L.
983 4760 1091 4852 Pststp'.
1138 4775 1212 4831 Fieri
1242 4781 1339 4829 tamen
1366 4778 1479 4844 potest,
1512 4778 1543 4827 ut
1572 4769 1699 4826 Alessius
1727 4769 1784 4826 hoc

436 4877 534 4946 potins
556 4877 779 4948 significaverit,
814 4893 906 4950 prope
933 4871 1034 4954 (313133
1056 4894 1115 4934 333
1136 4893 1190 4948 333
1212 4879 1304 4934 vicino
1329 4877 1366 4932 ad
1387 4868 1457 4952 aaa)
1484 4889 1574 4930 unum
1603 4890 1637 4930 33
1668 4871 1785 4929 duobus

438 4978 551 5048 glandis
574 4981 665 5051 ipsius
681 4979 790 5037 aculeis
813 4980 902 5036 luisse
923 4979 1014 5036 lineas
1036 4980 1109 5036 duas
1131 4981 1167 5034 11.

527 5233 641 5292 Siciliae
663 5251 722 5293 non
745 5241 824 5293 recte
847 5236 955 5293 tributa
978 5244 1023 5292 est
1045 5255 1061 5292 a
1084 5239 1177 5307 primo
1201 5238 1264 5291 eius
1287 5234 1523 5291 3311333351.
