3922 6240
693 595 851 646 4444444
871 595 1021 646 4444444.
1482 581 1530 653 99

254 790 275 851 cl
298 786 416 840 Nomina
433 785 557 838 virorum
576 785 724 837 illustrium
742 784 806 836 inde
825 798 840 835 a
857 785 957 836 4444444
969 784 1111 836 Coriolano
1130 790 1158 836 et
1171 787 1250 838 Furio
1264 785 1377 837 Camillo
1396 785 1532 850 usquead

183 873 219 927 lt.
240 874 388 925 Antonium
412 885 468 924 cos.
490 872 525 924 lll
544 873 612 937 imp.
631 872 679 924 Illl
698 871 718 924 i.
737 885 761 924 4.
787 871 822 922 44
841 883 943 922 annum
966 884 1072 936 pugnae
1100 871 1224 922 Actiacae
1245 870 1290 936 (cl.
1313 871 1532 923 Monatebericltte

185 962 252 1010 aare
271 973 298 1024 p.
314 959 371 1022 eet:

271 1071 401 1134 uturcina)
423 1080 622 1124 conrounnvs
807 1069 1034 1135 crs-uarsttalnet)

315 1156 444 1221 4444444444
464 1155 657 1218 consolidans)
808 1155 994 1217 4444444444)

271 1244 385 1306 waltun)
409 1241 550 1309 calmillas)
806 1239 1021 1302 mcattpurniua
1039 1241 1127 1304 Piso‘l)

272 1330 398 1392 4444444444
419 1327 594 1391 4444444444)
614 1336 683 1384 trano
696 1335 750 1382 nr.)
808 1327 943 1391 4444444444)
964 1327 1129 1390 4444444444)

274 1415 473 1480 oraedictos)
495 1413 639 1477 4414444444)
808 1413 948 1476 4444444444)
970 1414 1074 1478 aveins)
1098 1425 1147 1469 rin?

273 1493 466 1566 nslnslnomu
493 1501 621 1564 44444444)
803 1499 1006 1562 amaricatae)
1018 1499 1154 1564 ·c(oa)·ui
1174 1494 1179 1571 Ι
1200 1494 1487 1562 lMP·1111(retroaar.2)

256 1613 281 1677 d)
300 1614 330 1665 T.
344 1612 472 1663 44444444
484 1614 512 1661 44
524 1611 671 1662 4444444444
683 1613 728 1662 444
740 1611 868 1675 leguntur
880 1626 914 1662 ex
924 1611 1033 1674 vulgata
1045 1613 1182 1677 scriptura
1199 1610 1264 1662 laisa
1288 1609 1344 1674 [pro
1363 1609 1488 1661 Lalrenio
1507 1613 1536 1661 44

185 1699 344 1764 4444444444
366 1699 396 1749 Τ.
411 1698 541 1748 Auridius
554 1696 614 1758 w,
629 1700 678 1748 449
692 1698 726 1748 44.
741 1698 873 1762 repetitus
891 1699 977 1748 estex
991 1698 1168 1762 inscriptione
1180 1696 1355 1748 Fabrlanensl
1371 1696 1470 1761 40444144
1484 1700 1533 1746 iss

187 1808 220 1832 ε
239 1786 315 1847 etis)
342 1787 470 1850 suspecta
497 1784 615 1846 (Henzen
639 1796 667 1849 p.
688 1783 758 1846 4444,
786 1785 851 1833 ilem
876 1782 1068 1835 semitonius
1093 1782 1150 1847 644,
1172 1787 1220 1833 567
1240 1784 1275 1834 44.
1304 1797 1337 1833 ex
1362 1782 1536 1833 Fabrianensi

185 1872 278 1926 Orellli
296 1874 363 1922 4444
388 1869 459 1920 male
483 1869 552 1920 lecta
577 1869 698 1932 (llenzea
715 1881 742 1934 p.
759 1871 823 1928 444,
847 1868 1030 1934 ciuilio).
1072 1869 1113 1921 Ex
1135 1871 1419 1921 celeris·commentls
1443 1869 1536 1919 multis

185 1958 304 2012 sufficiat
321 1969 490 2007 memorasse
507 1953 596 2006 debell.
614 1956 719 2020 superb.
741 1955 784 2017 (ex
801 1955 921 2019 Vergilio
942 1954 1008 2005 Aen.
1031 1959 1056 2018 6,
1071 1959 1120 2005 454
1140 1959 1293 2020 sumptum,
1320 1954 1354 2005 cl.
1376 1956 1535 2007 4444444444.

187 2049 254 2097 4474
273 2059 299 2112 4.
316 2043 356 2106 ‘llll
379 2044 406 2093 et
423 2044 490 2094 edite
505 2044 595 2094 miseri
612 2042 648 2093 ad
665 2040 766 2092 lumem
784 2040 961 2093 obsessorum
982 2041 1095 2104 (scilicet
1113 2042 1245 2106 Perusiae)
1264 2041 1399 2093 alludens.

258 2149 281 2212 4)
307 2147 347 2198 Ex
368 2146 477 2196 bllniclo
496 2146 521 2194 ln
540 2159 620 2196 usum
638 2158 720 2196 suum
744 2143 868 2196 lalsarius
891 2145 973 2195 vertit
998 2157 1053 2195 non
1076 2142 1149 2196 solas
1170 2144 1319 2196 Asculanos
1344 2145 1536 2209 inscriptiones

185 2235 235 2286 sed
247 2233 404 2301 promiscue
417 2232 498 2281 eliam
511 2233 631 2282 ceteras:
656 2231 774 2282 Siculam
788 2231 903 2296 Pisonis,
923 2230 1077 2291 Perusinas,
1092 2230 1243 2282 Cumanam
1258 2234 1316 2294 447,
1337 2230 1456 2296 denique
1467 2231 1537 2282 adeo

185 2321 376 2373 Atheniensem
398 2318 525 2382 (ΔΕΞΑΙ),
552 2319 580 2368 44
603 2318 631 2366 44
656 2319 689 2367 444
709 2316 856 2382 glandibus
874 2317 1009 2380 exhibuit,
1034 2329 1104 2382 quae
1122 2320 1213 2368 tamen
1231 2318 1384 2369 asculanae
1403 2320 1429 2368 44
1447 2320 1538 2368 444444

188 2409 214 2472 (4
232 2407 330 2457 4444444
348 2406 406 2468 4444
425 2403 511 2454 lorma
527 2402 666 2466 distantes)
688 2406 715 2454 et
731 2403 949 2454 avenditoribus
967 2416 1028 2455 4444
1047 2403 1212 2454 dicerentur.
1249 2403 1309 2454 Non
1328 2405 1415 2468 magis
1432 2405 1538 2455 curavit

186 2492 378 2544 italicorumne
396 2503 431 2540 an
450 2491 635 2542 Romanorum
654 2489 795 2554 inscriptio
812 2488 902 2540 444444.
939 2489 1017 2540 Vnde
1035 2487 1137 2540 lactum
1156 2492 1208 2549 est,
1234 2493 1265 2540 ut
1283 2491 1406 2541 omnium
1428 2489 1537 2540 illarum

186 2579 327 2644 regionum
350 2575 541 2640 inscriptiones
558 2573 701 2625 Asculanis
726 2575 753 2624 44
771 2574 916 2639 glandibus
940 2575 1076 2637 redirent,
1102 2575 1169 2638 quin
1193 2577 1275 2626 etlam
1299 2575 1402 2640 aliquot
1424 2575 1537 2639 glandes

187 2665 356 2727 emergerent
373 2661 536 2712 4444444444
555 2674 620 2712 cnm
633 2662 764 2713 Perusina
781 2663 828 2711 aut
847 2662 967 2712 italicam
987 2674 1051 2712 cum
1063 2661 1183 2712 44444444
1200 2662 1362 2713 coniunctas
1379 2661 1538 2714 exhibentes

190 2749 233 2814 (cl.
248 2764 289 2801 ex.
305 2761 344 2813 gr.
354 2748 522 2814 ,Bergkianas
541 2743 601 2810 w,
617 2751 658 2797 44.
681 2750 713 2795 44
739 2750 766 2798 44
786 2747 931 2812 Bergidum
951 2747 1019 2798 Scltl.
1039 2760 1067 2811 p.
1078 2751 1195 2810 444-44,
1221 2750 1269 2813 qul
1294 2761 1329 2797 44
1353 2747 1402 2799 444
1426 2748 1537 2814 quidem

187 2848 251 2888 snas
269 2834 383 2900 glandes
401 2833 543 2884 damnavit
559 2835 628 2883 mira
646 2833 869 2899 interpretatione
893 2833 981 2897 usus).
1002 2859 1033 2870 -
1060 2833 1255 2898 Plerarumque
1272 2834 1405 2885 44444444
1429 2837 1539 2900 origoa

134 2939 140 2947 ·
188 2919 377 2972 venditoribus
390 2932 443 2969 non
456 2923 499 2970 est
511 2919 693 2981 dissimulata;
715 2921 864 2970 immensus
877 2931 1009 2970 numerus
1022 2933 1056 2970 44
1068 2919 1253 2985 suspicionem
1266 2923 1399 2982 moveret,
1418 2923 1538 2986 primum

188 3008 216 3058 ln
234 3006 331 3070 vulgus
349 3009 517 3070 sparserunt,
537 3003 670 3056 laesiones
689 3017 777 3070 44444
794 3007 822 3056 44
841 3006 919 3057 alveo
932 3005 1079 3057 castellani
1097 3003 1181 3057 iactas
1200 3018 1272 3057 esse:
1306 3019 1338 3058 ac
1356 3021 1386 3058 44
1398 3021 1462 3058 vera
1480 3011 1538 3060 tum

188 3091 338 3159 permultae
361 3091 400 3142 ibi
426 3090 539 3156 glandes
563 3093 685 3156 repertae
705 3094 770 3142 sunt
791 3093 826 3156 44.
842 3095 856 3141 4
870 3093 935 3158 44.),
955 3094 984 3143 44
1001 3093 1148 3156 inscriptae
1168 3093 1362 3157 paucissimae;
1389 3093 1489 3146 deinde
1507 3108 1539 3145 eo

189 3177 384 3242 confugerunt,
409 3181 440 3228 ut
464 3177 577 3242 glandes
600 3176 635 3228 ab
654 3178 752 3228 comite
771 3177 882 3243 4444444
907 3178 1075 3242 permultos
1098 3190 1186 3228 44444
1206 3178 1334 3230 collectas
1358 3181 1413 3230 iam
1430 3182 1539 3232 venisse

193 3266 360 3328 (4444444444.
376 3266 441 3314 4474
460 3277 490 3330 4.
504 3264 545 3326 44)
566 3266 723 3314 narrarent:
756 3262 828 3314 4444
852 3276 957 3314 meram
975 3276 1035 3314 esse
1059 3262 1179 3314 tabulam
1197 3276 1213 3313 a
1231 3266 1431 3329 negotiantibus
1449 3265 1539 3318 4444444

190 3351 280 3402 Asculi
292 3350 414 3415 comperi
431 3349 501 3412 (vide
515 3349 553 3400 'ad
566 3364 593 3399 n.
609 3346 680 3413 444),
694 3376 729 3386 -
740 3349 954 3414 Nonnumquam
973 3351 1064 3400 lamen
1083 3350 1164 3401 etiam
1177 3350 1309 3413 originem
1328 3350 1421 3402 lalsam
1434 3355 1541 3405 mentiti

189 3439 253 3487 sunt
270 3449 333 3487 cum
346 3435 467 3488 variandi
486 3436 573 3499 gratia
591 3438 649 3486 tum
667 3437 699 3486 ut
717 3435 802 3486 merci
819 3436 939 3500 prelium
957 3440 1095 3498 augerent.
1128 3436 1166 3485 lta
1179 3435 1313 3500 quaedam
1332 3437 1405 3503 apud
1419 3438 1541 3490 llatrlam

189 3524 217 3574 et
235 3523 398 3573 Maceratam
419 3525 545 3585 repertae
565 3533 624 3572 esse
643 3521 731 3572 dictae
748 3522 812 3571 sunt
833 3521 905 3584 (vide
923 3521 958 3572 ad
978 3519 1035 3582 w,
1053 3525 1077 3572 4.
1100 3517 1171 3586 w),
1199 3521 1366 3574 vrbisalviae
1385 3521 1445 3586 8l*‚
1472 3525 1540 3577 Cor·

191 3612 269 3659 lonae
289 3606 349 3670 87¹⁸,
372 3607 445 3673 apud
465 3607 555 3658 lacum
573 3607 763 3658 Trasimenum
782 3603 842 3670 soll,
862 3606 935 3674 apud
954 3607 1088 3670 Solbanou
1105 3606 1207 3658 Gallias
1226 3607 1275 3657 80*
1293 3606 1327 3660 44.
1343 3605 1402 3676 4444
1424 3609 1541 3678 denique

189 3693 259 3748 duae
279 3695 337 3755 w,
360 3699 370 3744 4
387 3698 439 3745 ets
458 3693 571 3744 4444444
590 3695 748 3758 provenisse
767 3693 899 3744 leruntur.

261 3797 407 3850 Glandium
425 3797 625 3848 Asculanorum
648 3797 846 3847 commercium
870 3809 953 3861 quam
972 3795 1024 3846 late
1042 3796 1175 3860 patuerit,
1202 3809 1235 3846 ex
1254 3795 1357 3860 sylloge
1376 3797 1447 3851 44444
1465 3801 1538 3854 edita

190 3884 268 3936 lacile
286 3887 368 3949 patet.
403 3884 545 3935 Praeterea
564 3882 599 3934 de
616 3881 791 3945 bominibus,
817 3883 864 3946 qui
882 3894 989 3934 merces
1012 3882 1072 3932 illas
1089 3895 1297 3947 quoqueversus
1318 3884 1538 3948 divendlderunt‚

191 3970 259 4022 mihi
277 3971 360 4021 relata
379 3973 442 4020 sunt
464 3968 539 4020 baud
563 3981 662 4035 panem
691 3982 785 4019 eorum
810 3982 864 4019 non
888 3968 1008 4020 alienum
1026 3982 1042 4019 4
1061 3981 1089 4018 44
1113 3967 1194 4018 luerit
1216 3981 1431 4024 commemorare
1456 3974 1538 4026 baec:

164 4089 169 4100 ·
191 4056 386 4108 Femrdentius
404 4068 476 4106 anno
490 4058 556 4108 4474
570 4056 638 4104 mihl
658 4055 770 4106 miserat
787 4054 915 4118 glandem
934 4065 981 4107 444
998 4053 1158 4119 inscriptam
1173 4057 1205 4105 ut
1222 4055 1365 4108 manilesto
1384 4060 1541 4123 spuriarum

191 4143 330 4207 specimen
353 4143 388 4205 (n.
405 4138 497 4203 llo*);
518 4142 601 4206 atque
619 4153 652 4191 44
669 4138 793 4205 44444444
806 4153 895 4204 44444
913 4139 1027 4204 plumbo
1041 4154 1130 4206 neque
1149 4141 1246 4192 litteris
1259 4143 1396 4194 noviciam
1409 4147 1543 4210 originem

190 4227 248 4278 ullo
261 4226 344 4278 modo
357 4225 520 4277 dissimulat.
551 4228 608 4277 lam
621 4239 686 4276 vero
705 4240 729 4276 a.
744 4229 809 4276 4477
827 4225 922 4277 444444
938 4227 1116 4278 Venturinius
1134 4225 1240 4278 aurilex
1258 4227 1385 4291 glandem
1404 4231 1444 4281 illi
1461 4232 1543 4297 plane

192 4314 329 4377 geminam
348 4313 386 4376 tn.
401 4311 475 4376 ew)
497 4312 564 4363 mibi
582 4311 659 4363 dedit
675 4313 774 4363 eodem
794 4313 924 4374 consilio,
954 4313 970 4362 4.
986 4325 1009 4365 4.
1022 4317 1053 4364 44
1069 4325 1133 4364 cum
1151 4311 1296 4376 glandibus
1314 4314 1384 4367 male
1404 4317 1432 4367 44
1451 4321 1543 4384 suspi-

193 4399 302 4449 cionem
320 4399 426 4449 vocatis
446 4397 610 4460 conferrem,
639 4399 744 4450 addens
768 4411 797 4449 se
823 4399 874 4448 tria
894 4396 1061 4463 exemplaria
1079 4400 1138 4449 eius
1160 4397 1291 4450 lalsarum
1312 4403 1412 4467 speclei
1434 4404 1543 4457 vidisse.

193 4483 330 4535 confictae
348 4487 412 4535 sunt
429 4482 527 4535 ambae
544 4483 588 4534 vel
608 4486 663 4535 tres
675 4497 708 4534 eo
727 4483 870 4534 consilioa
889 4481 999 4534 falsario
1018 4485 1133 4549 eiusque
1150 4485 1242 4545 sociis,
1261 4489 1293 4536 ut
1308 4492 1463 4540 commenta
1482 4504 1541 4554 444,

191 4572 243 4626 44.
259 4571 448 4635 4444444444444
465 4571 589 4621 noviciae
603 4571 630 4620 ln
643 4569 763 4633 antiquis
775 4568 921 4633 glandibus
934 4582 1059 4630 excusae,
1073 4569 1232 4621 bominibus
1244 4569 1351 4624 facilius
1364 4575 1543 4639 imponerent.

190 4655 340 4707 -Deinde
353 4656 531 4706 Venturinius
543 4669 587 4706 me
601 4654 695 4706 docuit
704 4654 846 4720 glandium
860 4656 1033 4720 antiquarum
1044 4655 1217 4720 superficiem
1229 4655 1308 4723 longo
1322 4661 1376 4711 situ
1386 4665 1442 4712 lam
1452 4662 1543 4714 obdu-

122 4738 128 4748 '
191 4743 280 4792 ratam
298 4754 368 4802 esse,
388 4745 427 4800 ut,
448 4743 472 4792 si
488 4741 566 4814 glans
586 4740 747 4801 lervelieret‚
768 4741 883 4792 interius
895 4740 1040 4806 plumbum
1059 4740 1236 4805 liquefactum
1247 4745 1403 4808 prollueret,
1424 4751 1543 4801 exterius

190 4831 282 4879 aulem
292 4831 400 4878 crustae
413 4828 501 4878 instar
511 4827 612 4878 durum
623 4829 785 4878 remaneret.
805 4827 880 4877 idem
891 4827 971 4892 plane
982 4826 1161 4879 feuardenllo
1171 4829 1329 4883 venditores
1341 4833 1539 4900 indicaverant,

264 5087 286 5148 l]
309 5084 348 5138 Cl.
364 5086 465 5137 Caesar
482 5085 510 5136 b.
526 5085 579 5136 clv.
594 5086 605 5135 l
620 5087 663 5134 li:
696 5085 724 5134 id
741 5086 864 5147 oppidum
878 5084 1017 5148 4444441444
1031 5085 1170 5148 Picenum)
1184 5088 1310 5140 44444444
1322 5089 1446 5153 Spinther
1457 5097 1545 5147 444444

194 5173 340 5223 cohortibus
358 5173 469 5224 tenebat.

262 5259 288 5320 4)
310 5257 398 5308 Etiam
416 5259 512 5323 postea
530 5270 612 5322 quem
631 5256 703 5308 banc
717 5256 819 5308 seriem
836 5257 877 5308 sic
896 5256 1087 5322 explicandam
1100 5271 1160 5310 4444
1179 5261 1338 5325 monstravi,
1359 5263 1546 5328 Desjardlnius

192 5346 221 5394 et
233 5343 364 5408 Bergklus
375 5345 404 5395 44
418 5344 476 5396 4444
490 5340 762 5408 interpretationibus
774 5343 853 5393 miris
871 5342 1093 5410 perseverabant.
