3922 6240
457 602 514 672 92·
959 613 1118 663 8888888
1138 613 1291 662 8888888.

452 804 564 868 glandes
583 816 637 853 non
656 807 747 854 essent
765 816 853 867 nuper
871 802 982 852 demum
1001 804 1111 854 incusas
1130 816 1240 863 omneS,
1261 805 1351 852 tamen
1371 815 1466 865 magna
1487 805 1615 867 exparte
1634 803 1714 865 ialso;
1736 819 1799 855 nam

452 890 534 941 multa
561 892 655 939 insunt
679 903 695 939 a
720 889 888 952 Dasiardinio
914 890 984 939 male
1008 889 1086 940 48848.
1123 888 1309 951 088488848488
1333 890 1406 939 enim
1435 902 1487 938 non
1511 889 1600 939 solum
1626 892 1653 938 in
1671 891 1797 955 plurimis

453 974 673 1039 inscriptionibus
692 975 812 1039 legendis
828 987 910 1040 supra
932 988 1012 1040 quam
1034 975 1216 1040 credipotest
1237 975 1352 1032 erravit,
1374 987 1469 1024 verum
1489 976 1571 1025 etiam
1589 976 1737 1041 permultas
1755 979 1797 1027 in-

451 1062 611 1124 scriptiones
636 1061 879 1126 inscriptionumva
897 1061 1026 1126 reliquias
1044 1062 1184 1126 tamquam
1209 1063 1236 1110 in
1255 1059 1399 1125 glandibus
1418 1059 1514 1118 lectas,
1535 1073 1615 1126 saepe
1635 1075 1668 1112 ne
1686 1062 1796 1113 dubita-

452 1148 553 1197 tionem
571 1147 683 1210 quidem
706 1146 859 1211 professus,
885 1147 1032 1198 delineavit
1049 1147 1202 1211 ediditque,
1227 1159 1343 1212 quarum
1362 1159 1414 1196 nec
1435 1145 1525 1198 volam
1544 1159 1594 1197 nec
1609 1149 1750 1212 vestigium
1769 1151 1795 1199 in

452 1235 515 1297 ipsis
534 1236 639 1283 exstare
664 1233 785 1284 intellexi
802 1232 1027 1284 confirmantibus
1050 1234 1158 1292 amicis,
1184 1232 1283 1298 quibus
1301 1232 1448 1297 archetypa
1470 1234 1626 1283 monstravi.
1663 1235 1750 1299 Atque
1768 1236 1796 1285 in

450 1324 563 1384 utraque
582 1333 611 1369 re
630 1322 686 1369 lam
704 1333 784 1384 saepe
810 1324 837 1369 et
855 1322 928 1370 tanto
947 1333 1028 1385 opera
1046 1321 1178 1384 peccarit,
1202 1321 1247 1370 vix
1265 1322 1295 1369 84
1312 1319 1427 1368 alterum
1446 1318 1510 1369 huic
1529 1332 1576 1383 par
1594 1318 1749 1384 exemplum
1768 1322 1795 1370 in

451 1406 577 1455 universa
597 1418 626 1454 re
644 1404 817 1469 epigraphica
842 1407 955 1471 reperiri
973 1409 1054 1468 queat
1076 1406 1129 1455 nisi
1147 1403 1216 1455 torte
1236 1404 1304 1456 tituli
1317 1405 1488 1455 Pestinenses
1503 1405 1537 1455 ab
1550 1405 1646 1456 eodem
1664 1406 1744 1465 editi,
1760 1407 1795 1458 de

449 1490 549 1554 quibos
567 1492 691 1555 exposuit
708 1492 891 1542 Mommseuus
910 1493 936 1541 in
955 1490 1070 1555 Ephem.
1086 1494 1170 1554 epigr.
1186 1491 1209 1540 lI
1227 1504 1253 1555 p.
1269 1492 1317 1540 854
1331 1504 1391 1555 sqq.
1419 1491 1530 1554 Singula
1547 1492 1576 1544 h.
1590 1492 1607 1542 l.
1621 1494 1748 1557 persequi
1762 1507 1794 1544 88

450 1578 539 1626 minus
552 1589 618 1640 opus
637 1578 687 1638 ast,
707 1577 780 1639 quod
798 1578 923 1641 exempla
941 1590 955 1626 8
976 1590 1020 1627 me
1039 1579 1066 1626 in
1085 1589 1184 1628 comm.
1200 1589 1242 1626 88.
1262 1579 1328 1625 4875
1347 1590 1375 1641 p.
1398 1578 1445 1625 474
1464 1590 1524 1641 sqq.
1545 1579 1696 1643 composita
1718 1579 1794 1630 suili-

449 1665 524 1713 ciunt
542 1666 569 1713 84
586 1663 659 1726 quod
676 1675 771 1712 omnes
792 1663 991 1725 aDesjardinio
1004 1662 1224 1713 Desideratorum
1242 1660 1454 1711 inscientiam.
1472 1664 1496 1712 4.
1517 1665 1531 1710 5
1551 1661 1636 1712 884488
1655 1664 1793 1730 488884844-

449 1762 514 1800 8888
539 1751 645 1813 8888488
670 1761 729 1800 8888
754 1761 826 1798 nunc
852 1750 958 1799 constat
975 1761 1007 1798 ac
1032 1750 1172 1813 praeterea
1196 1747 1358 1812 archetypa,
1384 1760 1454 1810 quae
1479 1746 1619 1798 falsarium
1637 1749 1795 1802 adhibuisse

449 1849 522 1886 nunc
546 1835 762 1885 demonstratum
787 1839 840 1897 est,
867 1837 907 1885 tot
924 1834 1055 1885 lectiones
1079 1833 1298 1896 Dasjardinianas
1316 1846 1365 1897 per
1382 1845 1411 1883 se
1435 1831 1592 1896 8848488841).
1611 1861 1646 1870 -
1664 1837 1794 1899 4488848488

449 1935 512 1972 voro
532 1923 636 1971 tantum
656 1919 737 1981 84844,
759 1922 789 1969 84
806 1933 850 1970 888
869 1923 1024 1971 monentem
1043 1919 1165 1980 audiret,
1192 1919 1223 1968 84
1240 1919 1322 1969 etiam
1344 1920 1432 1969 acrius
1451 1932 1562 1969 suarum
1587 1920 1697 1984 quidem
1716 1922 1791 1986 glan-

447 2009 523 2058 dium
536 2009 722 2056 sinceritatem
736 2008 870 2056 assereret
887 2019 1000 2070 easque,
1018 2007 1128 2056 interim
1141 2006 1220 2055 novis
1231 2003 1354 2054 eiusdem
1368 2002 1492 2055 officinae
1502 2006 1677 2056 incrementis
1688 2010 1791 2068 888488,

446 2094 535 2144 88888
555 2092 647 2143 libello
665 2092 821 2155 insobristec
838 2093 981 2142 8888488488
999 2091 1287 2154 Schleodarpeschosse,
1315 2090 1419 2154 Lipsiae
1444 2087 1549 2154 48764),
1574 2093 1601 2141 48
1620 2092 1708 2143 lucem
1728 2106 1794 2158 pro-

447 2180 537 2241 terret,
558 2179 591 2230 ad
611 2178 792 2229 contumelias
810 2177 995 2238 descendens,
1021 2190 1091 2241 quae
1114 2182 1145 2226 ut
1162 2178 1236 2227 88848
1255 2178 1318 2226 8884
1337 2175 1442 2227 14488844
1460 2176 1570 2226 48888488
1589 2177 1728 2241 48848888,
1757 2181 1792 2230 448

447 2279 512 2315 num
531 2268 694 2330 provocatae
713 2261 813 2313 48884884
830 2263 1057 2313 commentatione
1082 2275 1141 2312 mea
1161 2263 1308 2313 sententias
1332 2262 1405 2325 eius,
1432 2274 1485 2313 uon
1505 2262 1594 2326 ipsum
1612 2263 1790 2328 impugnanti,

446 2349 558 2402 arbitrio
576 2351 696 2402 cuiusvis
709 2347 919 2399 existimandum
933 2347 1066 2413 relinquo.
1090 2347 1237 2411 Berginium
1249 2346 1359 2398 doctum
1372 2359 1495 2411 sagacem
1508 2348 1678 2412 ingeniosum
1697 2363 1792 2400 omnes

446 2439 542 2487 merito
556 2436 735 2495 admirantur,
762 2448 794 2485 88
813 2435 899 2496 magis
917 2438 1007 2484 autam
1026 2433 1174 2484 dolendum
1187 2437 1228 2484 884
1239 2433 1358 2484 eundem
1378 2435 1469 2484 nescio
1483 2447 1537 2498 quo
1549 2435 1639 2484 animo
1653 2435 1791 2485 interdum

446 2529 629 2573 transversum
647 2524 739 2572 actum
758 2533 806 2570 888
825 2521 914 2585 ipsum
928 2521 1024 2571 merila
1037 2519 1236 2571 obscuravisse.
1251 2547 1286 2556 -
1303 2520 1340 2569 De
1354 2519 1523 2583 Desjardinio
1536 2519 1686 2583 8488884848
1705 2533 1791 2572 unum

442 2609 543 2658 addam
554 2608 617 2658 hoc.
638 2608 667 2656 ln
677 2606 881 2656 commentariis
891 2607 989 2655 minor.
1002 2605 1079 2657 acad.
1090 2605 1179 2657 Beroi.
1195 2608 1260 2655 4875
1274 2618 1302 2669 p.
1313 2607 1357 2655 474
1372 2619 1431 2670 sqq.
1444 2617 1508 2656 curn
1520 2604 1616 2666 multa,
1636 2620 1707 2670 quae
1719 2607 1790 2657 male

444 2695 553 2757 legisset
564 2692 760 2756 Desjardinius,
782 2693 946 2742 notavissem
959 2694 985 2743 84
1005 2692 1192 2754 correxissem,
1213 2691 1336 2754 exlongo
1354 2704 1478 2742 errorum
1496 2692 1565 2742 serie
1583 2692 1651 2742 haec
1668 2693 1791 2759 exempla

445 2793 487 2830 ma
500 2777 621 2845 prolerre
639 2776 786 2842 praetatus,
807 2778 993 2841 Desjardinlus
1012 2777 1192 2842 rescipit
1210 2790 1305 2828 eorum
1324 2790 1447 2828 errorum
1465 2779 1541 2842 88848
1553 2790 1634 2843 parva
1648 2778 1791 2832 emendata

444 2866 514 2916 sicut
532 2878 581 2926 ego
600 2860 807 2925 correxeramll,
828 2862 957 2914 fasciculo
978 2868 992 2913 5
1014 2863 1094 2924 (edito
1113 2877 1150 2914 m.
1166 2863 1234 2914 lulio
1253 2863 1329 2925 4876)
1350 2877 1377 2928 p.
1394 2866 1426 2911 98
1448 2876 1491 2913 mo
1513 2863 1695 2929 reprehendit,
1716 2865 1791 2928 quod

444 2964 494 3012 ego
507 2950 556 2999 hos
569 2961 676 3000 errores
690 2950 826 2999 notassem
838 2951 901 2999 ante
911 2961 992 3013 quam
1006 2950 1090 3000 caleri
1103 2948 1324 2999 Desideralomm
1335 2947 1456 2998 fasciculi
1465 2947 1640 3013 prodiissent,
1661 2950 1791 3014 Bergkius

444 3050 506 3085 mox
528 3035 606 3097 (Sabi.
621 3038 686 3084 4876
701 3047 727 3099 p.
741 3039 771 3084 tt
792 3037 859 3096 884.)
880 3047 924 3086 ma
943 3036 1055 3097 notavit,
1074 3035 1148 3100 quod
1166 3048 1220 3085 non
1239 3047 1334 3085 omnes
1351 3034 1513 3098 Desjardinii
1532 3047 1638 3086 ermres
1655 3039 1790 3088 correxis-

443 3119 538 3185 sem⁴l,
559 3120 624 3184 quid
643 3121 716 3183 quod
734 3134 761 3185 p.
778 3123 827 3170 488
847 3121 893 3171 448.
907 3125 939 3171 86
960 3119 1004 3184 (84.
1024 3135 1051 3186 p.
1066 3123 1107 3183 86)
1125 3121 1230 3184 8488848
1250 3120 1309 3182 744,
1325 3123 1370 3170 444
1393 3121 1537 3172 lectionem
1555 3125 1678 3184 cptcrpu,
1705 3135 1789 3186 quarn

442 3223 458 3259 8
471 3219 514 3257 me
527 3205 739 3257 demonstratam
754 3208 922 3269 (Mouctsber.
938 3207 1015 3257 5484.
1032 3210 1097 3256 4875
1111 3221 1137 3272 p.
1150 3210 1214 3267 474;
1235 3205 1269 3256 84.
1284 3205 1351 3256 intra
1364 3220 1389 3271 p.
1406 3206 1466 3268 485)
1485 3206 1669 3269 Desjardiuius
1681 3208 1790 3258 interim

444 3292 517 3357 (taso.
535 3294 559 3354 4,
573 3304 666 3342 mense
678 3293 829 3358 Septembri
845 3306 869 3343 a.
884 3296 948 3342 4875
960 3292 1066 3344 Parisiis
1083 3293 1165 3356 edito,
1183 3293 1283 3356 corrig.
1296 3306 1322 3357 p.
1332 3292 1374 3354 55)
1387 3297 1535 3356 receperat,
1552 3305 1596 3343 me
1608 3295 1669 3357 8884
1680 3293 1790 3358 Dasjar·

440 3379 545 3430 dinium
566 3379 644 3442 quasi
665 3391 757 3428 88888888
776 3378 916 3428 inventum
934 3377 1052 3428 edidisse
1071 3379 1248 3428 insimulavit.
1270 3405 1306 3416 -
1326 3379 1374 3428 4448
1395 3391 1464 3442 quae
1490 3379 1651 3428 necessitate
1674 3383 1786 3432 coactns

442 3465 554 3514 uberius
566 3465 690 3527 exposui,
704 3463 875 3527 adiungenda
894 3463 1028 3527 quaedam
1046 3468 1110 3514 sunt
1133 3464 1167 3515 de
1186 3463 1318 3528 liaphaole
1337 3465 1494 3515 Garruccio.
1533 3463 1695 3515 Garruccius
1712 3468 1788 3530 post-

441 3563 523 3614 quam
548 3562 562 3598 8
583 3549 697 3612 44888448
715 3563 738 3598 a.
759 3552 824 3598 4875
843 3548 955 3611 glandes
973 3549 1210 3612 Desjardinianae,
1230 3563 1244 3598 a
1264 3562 1308 3599 me
1327 3552 1382 3600 tam
1399 3549 1451 3600 4888
1469 3562 1551 3614 quam
1571 3551 1735 3614 Berghianaa
1759 3553 1787 3602 in

441 3636 625 3701 suspicionem
645 3638 758 3686 vocatae
776 3634 820 3685 vel
839 3635 982 3685 damnatae
1007 3637 1070 3685 sunt
1092 3635 1258 3697 (4488848488.
1279 3638 1346 3684 4878
1366 3648 1391 3698 p.
1408 3636 1439 3684 64
1454 3635 1541 3699 sqq),
1566 3634 1682 3700 denique
1700 3649 1715 3686 a
1733 3637 1787 3688 Ga·

440 3720 548 3772 briellio
567 3722 593 3770 et
605 3733 648 3770 ma
661 3733 684 3770 a.
699 3723 764 3770 4877
785 3734 821 3769 m.
836 3721 909 3785 Sept.
923 3719 1015 3771 Asculi
1033 3719 1143 3770 4848888
1159 3733 1216 3771 rem
1231 3719 1376 3784 diligenter
1391 3721 1549 3784 inquisitum
1565 3721 1656 3772 884448
1668 3725 1699 3772 84
1717 3723 1743 3772 48
1755 3736 1787 3773 88

513 3877 535 3938 4)
563 3875 632 3934 Quid
653 3874 777 3926 falsarius
802 3876 873 3940 ipse,
898 3875 1017 3940 optimus
1035 3887 1099 3924 sane
1122 3874 1218 3936 index,
1245 3875 1281 3928 de
1298 3876 1502 3939 Dasiardiniana
1520 3873 1658 3926 fraudium
1676 3888 1786 3927 suarum

443 3960 562 4012 editione
580 3961 705 4023 senserit,
726 3959 795 4010 48488
813 3959 1045 4012 commemorabo.

511 4046 536 4109 8)
557 4045 596 4096 Cl.
611 4041 795 4096 Mommscnus
814 4047 840 4096 48
859 4046 1035 4111 ephemeride
1048 4047 1086 4096 Im
1103 4061 1187 4098 888888
1205 4047 1281 4098 448484
1300 4050 1377 4108 4876,
1392 4047 1415 4096 14
1433 4060 1460 4111 p.
1476 4049 1524 4096 447
1538 4060 1598 4112 888,

511 4131 533 4194 8)
556 4132 681 4196 Magnam
696 4144 791 4181 aarum
809 4131 1019 4196 inscriptionum
1031 4133 1148 4197 copiam,
1167 4145 1235 4196 quas
1253 4133 1312 4197 ipse
1329 4131 1462 4182 detexisse
1481 4131 1533 4183 sibi
1545 4135 1620 4184 visus
1638 4137 1703 4196 erat,
1717 4146 1786 4199 qnae

441 4221 532 4269 tamen
550 4219 662 4268 omnino
681 4230 735 4268 non
754 4220 860 4268 exstent
878 4218 904 4266 in
923 4216 1078 4282 glandibus,
1100 4220 1128 4268 in
1147 4217 1319 4281 Corrigendis
1337 4218 1391 4268 iliis
1410 4231 1464 4267 non
1482 4220 1578 4283 attigit.

510 4305 533 4366 4)
554 4305 694 4354 Praeterea
714 4302 787 4368 quod
806 4303 997 4367 inscriptiones
1016 4305 1089 4355 lectu
1107 4303 1232 4355 difficiles
1257 4317 1300 4354 me
1319 4303 1439 4368 attigisse
1458 4307 1579 4368 negavit,
1600 4307 1705 4370 egregie
1724 4318 1786 4356 oum

441 4388 495 4440 48444
513 4389 587 4440 48888
605 4402 692 4454 88888
712 4392 739 4440 84
756 4388 791 4440 ab
810 4390 980 4453 Desjardinio
999 4393 1026 4440 et
1045 4404 1059 4439 a
1079 4390 1194 4455 Bergliio
1213 4391 1271 4455 ipso
1291 4391 1380 4440 minus
1399 4392 1472 4440 recte
1494 4390 1563 4440 48848
1580 4390 1784 4452 (488888848884;

441 4489 482 4526 ex.
495 4487 534 4538 88.
550 4473 608 4537 644,
625 4479 674 4525 488
688 4477 721 4529 84.
741 4486 908 4528 Lmvxlivx
926 4475 990 4538 legit
1014 4476 1095 4538 Desj,
1122 4476 1196 4526 idem
1221 4479 1314 4540 postea
1339 4473 1404 4525 4888.
1420 4477 1432 4525 4
1454 4487 1618 4530 88888488
1640 4469 1784 4535 88888844,

440 4570 508 4614 nori
529 4571 613 4613 884888
635 4561 763 4624 Bargkins
781 4575 844 4612 ann.
859 4560 944 4612 iihen.
957 4564 988 4610 55
1002 4575 1028 4626 p.
1042 4565 1073 4611 48
1093 4574 1155 4611 cum
1174 4560 1290 4623 legisset,
1311 4574 1375 4612 mox
1393 4574 1482 4611 meam
1502 4562 1646 4612 lectionem
1660 4562 1787 4624 (4484848-

439 4646 550 4696 bericbte
569 4649 635 4695 4875
660 4659 686 4710 p.
702 4648 745 4695 474
767 4645 830 4708 not.)
856 4656 1027 4701 cmvmivir
1051 4648 1108 4711 ipse
1134 4646 1299 4710 8844888888.
1321 4660 1348 4712 p.
1376 4650 1423 4696 445
1453 4649 1564 4712 recepit.
1613 4646 1689 4697 [dam
1713 4645 1786 4696 edi

439 4743 465 4795 p.
480 4732 511 4780 64
531 4744 583 4781 non
604 4733 678 4781 recle
703 4731 805 4795 4888884
829 4743 975 4797 virorum,
999 4745 1080 4797 quem
1100 4745 1221 4783 errorem
1240 4733 1322 4783 etiam
1341 4732 1528 4799 lithograpbus
1546 4735 1606 4785 eius
1624 4735 1651 4784 in
1671 4733 1786 4796 imagine

438 4820 492 4868 tam
512 4817 577 4869 edi
596 4831 677 4882 quam
698 4818 741 4869 ed.
756 4820 779 4868 ll
799 4818 920 4869 exhibuit
933 4817 976 4882 (84.
989 4820 1118 4870 44888484.
1135 4821 1200 4870 4875
1213 4831 1239 4882 p.
1257 4820 1333 4882 474);
1353 4823 1497 4885 postquam
1511 4823 1601 4870 autem
1616 4818 1683 4870 ibid.
1697 4833 1723 4884 p.
1736 4822 1785 4870 475

438 4916 534 4954 verum
553 4914 693 4958 varoilles
710 4917 760 4967 888
778 4903 972 4966 demonstravi,
992 4905 1019 4955 in
1038 4907 1166 4956 contextu
1185 4903 1313 4954 editionis
1323 4905 1345 4953 44
1365 4918 1391 4969 p.
1404 4909 1453 4954 485
1467 4919 1507 4971 sq.
1526 4905 1594 4956 hanc
1612 4916 1631 4957 τ
1649 4905 1783 4972 probavit,

438 4993 559 5042 ceterum
578 5005 591 5041 a
607 5003 649 5040 me
675 4994 828 5042 correctam
849 5003 909 5041 esse
933 4995 1038 5053 tacens,
1064 4991 1113 5042 sed
1136 5003 1257 5041 errorem
1283 4991 1349 5040 mihi
1375 4992 1401 5040 in
1425 4995 1590 5056 insequenti
1609 4992 1784 5053 insimulans,

438 5081 486 5145 qui
503 5080 594 5132 nullus
606 5083 654 5131 884.
685 5079 755 5130 Nam
768 5079 784 5129 l.
801 5080 819 5132 l.
834 5093 887 5130 non
909 5089 1001 5136 ¹¹cols
1024 5079 1108 5141 edidi,
1129 5081 1158 5129 ut
1171 5078 1300 5142 Berglrius
1314 5078 1382 5129 Sctl.
1397 5091 1423 5142 p.
1437 5083 1468 5130 86
1487 5079 1603 5140 indicat,
1624 5080 1673 5131 sed
1690 5087 1785 5132 ”rom

438 5183 525 5234 eoque
543 5169 671 5234 reliquias
684 5171 749 5220 satis
767 5171 895 5220 accurate
908 5165 1026 5228 reddidi,
1046 5163 1175 5215 videlicet
1186 5166 1265 5228 typis.
1284 5165 1427 5230 inscriptio
1443 5166 1515 5216 euim
1533 5166 1635 5230 integra
1649 5165 1787 5226 (sciliceta

438 5255 547 5307 48488848
568 5255 690 5318 conficta)
710 5259 752 5306 est
768 5266 881 5308 8888888
903 5255 1011 5318 (comm.
1027 5252 1105 5305 acad.
1121 5255 1188 5302 4876
1198 5265 1225 5317 p.
1239 5253 1280 5315 66)
1296 5265 1350 5302 888
1364 5255 1393 5302 84
1407 5255 1512 5317 putavit
1523 5253 1653 5316 Bergliius
1672 5261 1785 5306 8888184

437 5345 619 5395 8848881888.
