3922 6240
438 595 486 666 94
942 610 1100 661 0040000
1120 605 1279 662 savaria.

437 797 588 863 catalogum
613 812 787 849 nummorum
809 800 1006 860 consularium,
1042 813 1075 850 ex
1099 815 1153 865 quo
1178 805 1216 851 tot
1240 800 1415 851 denariorum
1439 801 1629 864 inscriptiones
1652 801 1730 852 ilium
1755 806 1782 854 in

437 886 549 949 glandes
571 887 738 948 immutator.
760 888 825 935 4878
845 898 872 949 p.
891 889 921 935 78
941 887 1012 950 sqq.)
1033 886 1202 936 transtulisse
1222 885 1394 936 manifestum
1413 887 1463 935 est.
1496 886 1526 934 in
1545 885 1658 950 reliquis
1676 889 1781 940 insunt:

438 971 510 1032 iiich,
530 971 595 1021 dict.
616 971 734 1035 anriiq-;
761 970 878 1032 Cotucci,
898 971 1023 1022 0441404414
1037 972 1141 1031 Picatum
1163 971 1356 1034 Ennatopedtm
1375 971 1540 1034 1400404οἰ440,
1561 971 1783 1026 Desideratorum

438 1055 500 1108 1000.
521 1060 544 1108 8.
586 1056 711 1106 Eundem
740 1057 842 1107 Minicii
861 1056 982 1116 tabulas,
1010 1058 1129 1121 itemque
1153 1056 1264 1119 glandes
1290 1056 1435 1106 nonnullas
1453 1059 1541 1108 musei
1560 1059 1685 1110 Asculani
1706 1063 1782 1110 tran-

437 1145 577 1207 scripsisse
601 1144 723 1208 comperi
741 1144 897 1193 testimonio
923 1145 1006 1195 certo.
1031 1168 1061 1178 -
1087 1142 1208 1207 Denique
1233 1142 1325 1192 ,400044
1346 1147 1377 1192 48
1395 1143 1468 1207 Sept.
1486 1147 1553 1192 4877
1572 1156 1606 1193 ex
1628 1157 1676 1194 ore
1696 1147 1782 1210 ipsius

437 1228 602 1278 Vincenzinii
625 1226 824 1279 contessionem
846 1228 955 1287 audivi,
984 1241 1013 1278 se
1041 1228 1151 1292 glandes
1177 1229 1358 1290 adulterasse,
1387 1231 1413 1279 04
1438 1229 1529 1280 000444
1555 1231 1665 1294 quidem
1689 1245 1781 1282 coram

438 1313 551 1364 testibus
570 1312 678 1364 duobus
696 1315 762 1364 viris
780 1314 971 1364 illustrissimis
990 1313 1139 1366 Asculanis,

505 1399 662 1451 Fabricandi
682 1399 794 1460 modus,
821 1414 874 1463 quo
900 1399 1023 1452 falsarius
1049 1413 1116 1451 usus
1138 1404 1197 1462 est,
1223 1401 1414 1452 huiuscemodi
1438 1405 1487 1452 est.
1534 1403 1649 1466 Lignum
1666 1403 1783 1454 durissi-

437 1498 510 1536 mum
532 1486 582 1548 (ex.
598 1500 636 1550 gr.
656 1485 722 1536 buxi
735 1487 777 1536 vei
791 1485 874 1548 004144)
891 1488 917 1535 40
934 1486 1003 1537 0000
1016 1488 1106 1552 004100
1118 1488 1235 1548 secatur,
1255 1490 1369 1553 utraque
1383 1501 1445 1552 pars
1459 1489 1486 1538 40
1499 1486 1614 1540 formam
1626 1489 1783 1541 dimidiatae

437 1584 486 1636 per
511 1572 705 1636 longitudinem
727 1572 832 1635 glandis
850 1573 979 1637 scalpello
997 1574 1146 1622 incisorum
1166 1577 1318 1633 excavatur,
1345 1573 1447 1623 litterae
1473 1574 1645 1624 4000404004
1669 1579 1784 1640 utroque

437 1662 484 1708 aut
501 1657 586 1708 044040
604 1661 666 1708 0440
690 1658 859 1721 4004000104,
883 1659 959 1723 glans
981 1660 1091 1722 antiqua
1110 1671 1165 1709 non
1184 1659 1313 1724 inscripta
1333 1661 1360 1708 40
1379 1658 1446 1710 baec
1465 1673 1531 1710 cava
1550 1661 1678 1712 inseritur
1696 1664 1723 1712 et
1741 1664 1787 1712 in-

438 1742 554 1794 cuditur.
593 1743 695 1807 Robigo
714 1744 866 1795 adulterina
884 1743 1028 1808 glandibus
1046 1747 1108 1808 post
1126 1745 1267 1795 cusionem
1281 1746 1337 1794 sive
1353 1744 1458 1809 liquore
1475 1746 1554 1796 acido
1568 1747 1626 1796 sive
1637 1747 1690 1797 0140
1704 1748 1784 1799 04000

438 1826 515 1880 400410
528 1832 615 1893 004004
632 1829 709 1890 addi,
730 1830 778 1881 sed
794 1831 954 1896 pierumque
973 1830 1098 1881 falsarius
1112 1844 1165 1881 non
1179 1830 1287 1881 videtur
1298 1830 1443 1892 addidisse,
1465 1833 1526 1896 quia
1539 1833 1663 1895 genuinis
1674 1847 1785 1898 quoque

437 1914 580 1978 glandibus
597 1915 740 1968 Asculanis
759 1930 812 1968 non
832 1917 948 1967 multum
971 1916 1101 1981 robiginis
1119 1918 1190 1968 40004
1206 1920 1253 1967 001
1272 1919 1326 1966 tam
1345 1917 1427 1980 dura,
1453 1919 1484 1967 01
1506 1918 1632 1969 0000000
1656 1931 1709 1969 000
1734 1919 1786 1970 00-

438 2002 549 2052 modum
569 2002 699 2054 laedatur.

508 2087 588 2138 Plane
609 2101 678 2139 0040
701 2091 840 2154 040010400
858 2103 901 2139 400
920 2087 1063 2140 0140044010
1082 2090 1168 2140 estin
1187 2088 1230 2139 1440
1249 2089 1394 2154 glandibus
1419 2102 1481 2139 0040
1500 2089 1528 2138 40
1547 2089 1702 2152 Bergkianis
1726 2093 1784 2141 tum

437 2173 465 2222 in
490 2174 578 2237 prima
596 2175 765 2227 Feuardentii
788 2177 872 2234 serie,
896 2175 957 2225 dico
980 2174 1146 2239 exemplaria
1170 2174 1344 2240 palimpsesta
1366 2176 1447 2237 (siout
1464 2176 1571 2224 vocavit
1589 2174 1782 2240 Desjardinius)

438 2260 455 2309 i.
465 2272 488 2309 e.
504 2259 615 2322 glandes
627 2261 669 2310 bis
680 2261 816 2325 pluriesve
835 2263 952 2312 incusas.
979 2261 1017 2310 80
1028 2260 1215 2324 Desjardinius
1230 2260 1341 2325 quidem
1354 2261 1427 2325 quod
1445 2261 1512 2310 14000
1529 2261 1635 2326 primus
1653 2262 1787 2313 detexerit

438 2347 466 2394 01
478 2346 505 2395 40
518 2346 683 2397 Desideratis
695 2349 753 2398 suis
771 2346 889 2398 ediderit
907 2353 937 2396 ut
955 2345 1008 2396 sibi
1021 2345 1117 2397 honori
1130 2347 1167 2397 410
1180 2346 1359 2406 41οο4040000,
1379 2346 1453 2410 quod
1466 2347 1492 2396 in
1506 2346 1624 2412 Corpore
1643 2349 1786 2412 inscripti·

437 2443 520 2481 ouum
539 2432 770 2496 desiderarentur,
791 2433 857 2482 vitio
871 2432 979 2482 videtur
992 2434 1115 2485 vertisse.
1138 2433 1283 2497 suspectas
1302 2445 1362 2482 esse
1378 2432 1515 2484 eiusmodi
1528 2432 1638 2497 glandes
1659 2447 1721 2484 cum
1734 2418 1803 2498 ego'

441 2519 607 2581 (4400040404.
624 2523 690 2569 4878
703 2532 731 2584 0.
745 2521 785 2580 88)
808 2523 866 2569 4040
879 2519 1064 2570 1100404000οε
1085 2519 1144 2581 (1.1.
1162 2522 1226 2569 4878
1240 2532 1267 2584 p.
1281 2519 1339 2580 478)
1361 2521 1435 2569 40010
1453 2517 1687 2581 indicaveramus,
1709 2532 1782 2582 nam,

420 2591 423 2596 ⁵
438 2610 468 2655 ut
487 2618 517 2655 40
534 2604 679 2668 diligenter
690 2607 842 2656 examinata
856 2608 882 2656 40
902 2607 970 2656 soit.
986 2597 1044 2656 dett'
1057 2605 1120 2656 14444.
1137 2608 1201 2654 4877
1217 2617 1243 2670 0.
1259 2608 1308 2654 478
1322 2607 1390 2656 extr.
1404 2617 1468 2655 cum
1482 2603 1627 2654 Gabrieiiio
1639 2603 1784 2665 affirmavi,

438 2691 466 2740 in
480 2691 626 2755 glandibus
643 2705 697 2742 non
710 2691 869 2743 adulteratis
882 2692 1076 2756 inscriptiones
1089 2689 1179 2740 nullae
1195 2693 1346 2741 cernuntur
1359 2691 1470 2741 incusas
1483 2688 1623 2753 multoque
1637 2689 1728 2739 minus
1741 2701 1786 2739 40-

438 2777 582 2841 004400404
600 2776 713 2840 glandes
730 2778 879 2843 antiquitus
903 2778 1044 2843 repetitam
1064 2777 1206 2826 cusionem
1225 2789 1331 2840 passae.
1369 2775 1421 2826 Sed
1441 2788 1514 2827 nunc
1526 2775 1657 2838 originem
1676 2787 1786 2839 quoque

439 2862 547 2912 illorum
560 2862 756 2929 exemplarium
770 2863 905 2928 explicare
918 2875 1039 2928 possum.
1071 2863 1265 2913 Vincenzinius
1277 2863 1350 2913 00404
1369 2863 1392 2913 04
1409 2863 1489 2912 00400
1501 2861 1608 2926 glandis
1626 2861 1702 2912 custo
1715 2859 1785 2911 male

438 2949 624 3012 processisset,
645 2961 699 2998 non
717 2947 816 3000 abiecit
833 2948 974 3011 glandem,
998 2961 1032 2998 ne
1052 2948 1110 2998 eius
1128 2949 1247 3012 pretium
1266 2947 1329 2998 licet
1346 2947 1400 2997 4410
1421 2947 1442 3009 (t
1465 2949 1512 2998 aut
1529 2949 1544 2995 8
1559 2946 1662 2997 0014000
1683 2958 1783 2998 aeneos

438 3034 559 3096 14044000)
574 3034 712 3096 00400401,
734 3035 859 3086 0000440
878 3035 905 3085 40
919 3034 1015 3085 000004
1024 3033 1042 3097 ¹)
1058 3035 1115 3084 0440
1127 3034 1155 3083 40
1174 3031 1251 3096 01401)
1270 3032 1359 3084 104040
1377 3033 1468 3084 00000
1483 3029 1623 3096 exauditi).
1656 3031 1787 3098 Pleraque

439 3132 544 3180 eorum,
564 3121 665 3186 quippe
684 3120 755 3172 male
767 3133 947 3182 excusorum,
968 3121 1087 3170 40004100
1105 3119 1185 3185 01000
1204 3119 1329 3170 1001404440
1347 3121 1423 3170 0004;
1445 3119 1513 3169 baec
1531 3119 1613 3182 igitur
1630 3119 1723 3182 omisi,
1744 3133 1784 3181 ea,

439 3220 509 3272 quae
521 3207 621 3257 clarius
639 3207 692 3270 legi
704 3209 835 3272 possunt,
849 3220 904 3257 non
916 3206 1027 3256 distinxi
1044 3220 1060 3256 a
1078 3206 1190 3268 ceteris,
1211 3218 1273 3255 00444
1294 3218 1367 3255 0000
1380 3205 1486 3269 origine
1504 3217 1600 3255 eorum
1612 3204 1745 3270 patefacta
1759 3206 1787 3257 id

440 3291 543 3342 nullius
560 3292 640 3356 piane
657 3290 726 3342 10404
743 3305 820 3345 0000.
831 3319 863 3329 -
878 3292 1010 3356 Bergkius
1027 3293 1099 3344 inter
1116 3304 1180 3342 suas
1197 3290 1309 3354 glandes
1322 3291 1458 3341 detexisse
1477 3288 1530 3340 04144
1542 3291 1619 3342 44000
1636 3293 1678 3343 001
1691 3305 1784 3343 exem-

440 3379 525 3442 plaria
544 3391 577 3428 ex
595 3377 667 3429 binis
684 3377 807 3429 frustulis
825 3376 1057 3429 conierruminata
1078 3370 1390 3440 (zusammenpelo'tbet').
1428 3376 1493 3425 441144
1506 3377 1641 3440 quaedam
1661 3378 1786 3430 cudendo

438 3463 528 3528 004400
552 3463 866 3514 44000404.0004000100
891 3476 961 3514 0000.
1011 3461 1049 3514 (44.
1072 3476 1142 3526 quae
1167 3463 1331 3513 Garruceius
1353 3462 1382 3512 in
1414 3474 1441 3511 n.
1461 3459 1521 3522 tit*,
1542 3465 1589 3510 4-8
1621 3462 1783 3525 observavit,

439 3562 509 3614 quae
528 3552 620 3600 tamen
638 3549 751 3612 glandes
769 3563 824 3600 non
842 3553 906 3600 sunt
924 3549 1005 3600 huius
1024 3549 1154 3600 40100400]
1172 3549 1289 3612 generis.

509 3635 611 3685 indicia
629 3637 748 3697 externa,
768 3635 870 3700 quibus
888 3637 941 3687 hoc
958 3636 1115 3701 spuriarum
1133 3647 1218 3698 genus
1235 3634 1370 3698 proditur,
1390 3647 1454 3686 0004
1473 3635 1527 3685 0140
1545 3636 1610 3685 0001
1627 3637 1683 3684 1040
1701 3634 1785 3685 baec:

439 3719 544 3770 litterae
571 3722 683 3771 cusioue
710 3720 798 3773 iactae
825 3725 851 3773 et
875 3721 998 3786 robigine
1023 3721 1106 3786 (quae
1131 3733 1211 3785 saepe
1238 3722 1280 3771 est
1302 3723 1394 3771 040010
1419 3719 1581 3782 0044004040)
1607 3721 1784 3785 00040440400;

440 3805 579 3857 hastarum
599 3807 736 3871 margines
754 3811 867 3869 acutae;
889 3806 970 3859 orbes
990 3807 1153 3871 lunulaeque
1171 3807 1325 3857 litterarum
1343 3806 1373 3868 0,
1389 3807 1417 3869 B,
1433 3804 1452 3855 C
1477 3807 1512 3857 al.
1527 3804 1662 3870 angulatis
1680 3803 1788 3855 14000140

439 3893 609 3952 constantes,
635 3891 755 3958 denique
778 3895 971 3958 inscriptiones
990 3905 1102 3942 mancae
1121 3893 1149 3941 in
1167 3890 1311 3955 glandibus
1329 3892 1449 3955 integris,
1470 3891 1598 3942 videlicet
1615 3890 1679 3941 inde
1696 3893 1785 3956 00400,

440 3976 514 4041 quod
532 3976 608 4040 glans
626 3980 738 4042 antiqua
751 3992 767 4028 a
779 3976 889 4030 falsario
908 3980 1004 4030 400000
1021 3979 1048 4028 40
1064 3976 1179 4028 10404004
1196 3977 1311 4040 ligneam
1327 3991 1423 4043 parum
1442 3976 1597 4040 quadr-avie
1620 3977 1646 4026 in
1664 3976 1789 4039 genuinis

442 4062 665 4126 inscriptionibus
684 4062 783 4116 4011044
802 4077 857 4115 non
876 4062 1333 4128 potuitpropterea,quodeaeita
1350 4061 1434 4112 100400
1453 4064 1529 4126 0004,
1549 4062 1580 4113 04
1599 4059 1741 4126 plumbum
1761 4063 1787 4111 iu

440 4147 555 4199 iormam
588 4149 745 4215 inscriptam
772 4149 975 4211 infunderetur;
1005 4147 1041 4200 01.
1066 4146 1150 4214 praei.
1170 4146 1221 4212 44,
1248 4147 1296 4197 0144
1314 4147 1348 4198 00
1372 4149 1484 4216 antiquo
1509 4147 1620 4213 glandes
1637 4146 1788 4198 fabricandi

439 4234 522 4285 444000
541 4235 662 4299 exposui.
695 4235 802 4286 ibidem
820 4236 892 4286 04400
913 4248 1022 4304 quoque
1046 4234 1193 4293 iudicium,
1221 4233 1295 4298 quod
1321 4233 1491 4286 0010440004
1510 4233 1649 4298 glaudium
1667 4236 1695 4284 04
1712 4245 1788 4283 men-

441 4331 533 4370 suram
546 4321 754 4385 inscriptionum
773 4323 899 4387 pertinet,
920 4320 1081 4372 memoravi.
1120 4319 1199 4369 Vtin
1219 4317 1343 4382 robigine
1361 4321 1503 4370 0004000444
1521 4319 1643 4383 detegas,
1664 4318 1789 4383 inprimis

441 4405 578 4456 examines
598 4407 688 4458 4400400
705 4411 745 4470 04,
772 4409 796 4458 si
820 4407 918 4459 litteris
938 4419 1024 4458 40000
1043 4409 1093 4468 004,
1114 4417 1238 4456 aversam
1261 4408 1377 4469 partem,
1405 4405 1432 4454 40
1451 4404 1552 4468 quibus
1571 4405 1638 4456 0040
1657 4403 1790 4468 robiginis

441 4494 531 4542 crusta
550 4490 667 4542 dissilire
685 4493 762 4544 solet.
801 4494 829 4543 in
848 4493 944 4559 paucis
961 4490 1105 4556 glandibus
1127 4488 1252 4542 falsarius
1276 4492 1332 4540 tam
1355 4493 1433 4541 00040
1458 4503 1515 4541 rem
1534 4492 1600 4555 egit,
1627 4491 1669 4550 04,
1696 4491 1788 4540 044004

441 4575 567 4628 0000000
580 4577 649 4628 10040
667 4579 701 4630 044
720 4579 860 4645 inscriptio
879 4593 976 4644 necne,
998 4592 1032 4629 ne
1050 4578 1203 4629 exercitatis
1221 4576 1332 4642 quidem
1351 4577 1438 4627 oculis
1456 4576 1576 4627 discerni
1593 4576 1683 4641 queat.

512 4833 534 4896 4)
553 4834 603 4887 Ex.
621 4849 660 4900 gr.
683 4835 772 4899 04158
791 4839 819 4886 04
837 4840 880 4888 84.

511 4921 535 4984 8)
551 4919 600 4973 Ex.
615 4935 655 4985 gr.
668 4917 726 4982 844,
740 4926 770 4971 47
789 4934 828 4975 ΑΡ
840 4922 962 4987 0004100.
977 4922 1026 4972 xit
1038 4918 1044 4988 )
1056 4931 1167 4976 scaevis
1185 4928 1212 4976 04
1225 4926 1251 4975 40
1263 4938 1289 4976 0.
1300 4926 1358 4989 844,
1369 4929 1400 4976 88
1411 4927 1430 4977 C
1443 4930 1469 4975 it
1483 4925 1787 4988 00401481000000004.

511 5005 536 5067 8)
556 5007 685 5071 Bergkius
702 5020 766 5058 cum
785 5008 811 5057 iu
830 5007 887 5058 suis
906 5019 1015 5072 quoque
1040 5008 1184 5070 glandibus
1208 5009 1375 5075 exemplaria
1393 5011 1496 5078 pluries
1516 5011 1612 5062 incusa
1631 5012 1786 5072 invenisset,

442 5089 495 5140 boc
514 5091 603 5156 400040
622 5093 787 5143 sinceritatis
806 5097 911 5144 certum
930 5092 1064 5144 indicium
1087 5107 1148 5145 esse
1172 5096 1292 5158 censuit;
1318 5097 1409 5162 itaque
1434 5098 1461 5148 in
1485 5110 1547 5147 ann.
1562 5095 1646 5147 libera.
1664 5099 1695 5146 58
1713 5109 1740 5160 0.
1755 5097 1783 5143 74

442 5173 523 5224 dixit:
546 5179 579 5240 ja
596 5179 659 5228 04044
677 5179 718 5229 die
733 5179 938 5243 Umstempeiung
955 5181 1295 5246 44104040040144440004001
1313 5183 1382 5233 44404
1393 5183 1614 5246 0000404048οω
1630 5181 1788 5243 1140040004.

442 5258 512 5318 Quid
536 5263 610 5326 quod
634 5266 717 5315 etiam
742 5266 769 5315 in
793 5265 838 5315 ed.
854 5265 876 5314 11
895 5264 1147 5329 (80440000400404.)
1166 5279 1192 5330 0.
1207 5271 1256 5317 itt
1282 5267 1379 5318 eadem
1403 5268 1541 5332 repetivit,
1567 5267 1631 5318 iicet
1655 5280 1671 5318 0
1693 5278 1737 5315 040
1762 5265 1790 5314 40

443 5357 543 5396 00444444.
559 5349 625 5398 min.
639 5349 717 5402 0000.
733 5353 799 5399 4878
818 5363 845 5414 0.
861 5353 893 5398 78
912 5352 939 5400 04
958 5354 989 5400 88
1009 5351 1044 5401 00
1064 5351 1133 5403 mala
1152 5365 1246 5403 eorum
1266 5351 1319 5403 flde
1338 5353 1459 5405 monitus
1477 5355 1557 5405 esset.
