3902 6238
570 669 575 678 .
648 631 807 684 0444040
826 631 982 686 04044044.
1466 619 1487 690 3

143 825 162 889 1
189 836 224 889 24
252 831 328 888 Vidit
350 831 466 888 Nissen.
491 857 535 870 -
556 830 610 886 Ed.
629 829 725 900 Spano
747 829 824 886 44044.
847 829 940 886 Sardo
968 833 1047 886 4854
1071 846 1100 901 p.
1124 833 1160 886 43
1190 823 1239 904 (04.
1260 834 1340 887 4866
1368 844 1398 902 p.
1419 823 1484 905 46),

208 935 296 992 Gatal.
315 936 372 1004 lp.
393 936 444 1000 43,
471 935 612 989 binemus,
631 932 719 989 Sarda
748 924 879 1007 (Cagliari
900 925 990 1006 4864)
1005 931 1066 988 tab.
1088 935 1145 1006 46,
1166 937 1195 990 2.
1242 930 1312 987 lude
1327 932 1503 988 Mommsen·

206 1039 294 1109 corp.
313 1038 341 1093 X
362 1052 393 1092 n.
414 1040 494 1093 8463
512 1047 579 1091 nm.

141 1148 181 1198 22
207 1140 325 1196 Nitzsch
349 1138 492 1195 (34000400
519 1128 652 1211 (80404404
677 1131 767 1214 4844)
795 1154 826 1209 0.
846 1140 918 1206 234,
946 1137 996 1206 qui
1018 1137 1086 1207 legit
1109 1149 1179 1193 niso
1203 1148 1280 1192 cos,

140 1250 182 1303 23
207 1242 633 1314 Descripsimuslllommsenus
656 1247 685 1297 04
706 1255 771 1311 ego.
819 1241 936 1295 Restant
958 1239 1045 1295 haec:
1087 1229 1311 1317 Ι444004410οω
1339 1241 1443 1310 prioris
1465 1251 1487 1296 o

209 1346 326 1402 lunulae
353 1345 524 1417 posterioris
551 1357 620 1414 pars
647 1343 767 1400 40404404
795 1343 858 1399 0040
880 1348 1029 1413 000040ῑο0
1051 1348 1095 1398 004
1119 1341 1170 1398 sed
1194 1344 1256 1398 sive
1278 1343 1353 1398 mala
1374 1343 1487 1399 fusione

208 1453 270 1506 sire
292 1449 420 1504 laesione
440 1446 541 1502 hastae
562 1445 663 1502 similis
685 1446 760 1502 lacta
779 1437 835 1521 (0);
862 1445 1040 1502 4400400000
1054 1437 1183 1523 [lisois]
1205 1460 1270 1501 0000
1286 1447 1382 1501 visum
1405 1451 1485 1502 erat.

143 1556 182 1611 24
208 1549 279 1607 Το4).
297 1552 310 1606 l
328 1555 356 1607 6.
403 1550 564 1620 Descripsit
605 1541 897 1626 1,“,)οο)44)(40040400
919 1554 1001 1617 parte
1023 1549 1063 1603 nil
1085 1541 1216 1624 legitur).
1240 1577 1285 1587 —
1306 1548 1487 1605 Friederichs

210 1653 305 1710 004440
326 1652 485 1709 Bttdwerlcc
507 1653 532 1707 ll
555 1655 661 1722 0244
689 1667 719 1707 0.
742 1655 834 1711 4432.

141 1761 182 1816 25
207 1755 278 1813 Tab.
296 1756 356 1812 44.
377 1760 406 1811 8.
453 1756 616 1825 [4000440044
656 1731 820 1851 [fuolfi]
833 1733 914 1854 (os.

142 1866 182 1917 26
208 1857 278 1914 Tab.
298 1859 355 1913 15.
403 1858 567 1928 Descripsit
607 1846 698 1944 W?
725 1871 827 1912 aversa
849 1871 916 1926 pars
938 1855 1015 1911 laesa
1038 1862 1093 1912 004.

142 1967 184 2020 27
209 1962 325 2018 44400400
348 1959 424 2030 apud
440 1961 586 2016 Minicium
609 1959 669 2017 tab.
684 1961 708 2016 ll
724 1975 753 2015 n.
771 1963 803 2016 84
833 1951 946 2032 (44440440
968 1950 1145 2032 vulgaribus)
1166 1964 1195 2014 04
1215 1973 1245 2028 p.
1262 1961 1335 2026 244,
1353 1965 1368 2016 8
1393 1959 1488 2014 idem-

210 2079 268 2136 que
289 2063 403 2119 Notiaie
424 2062 501 2134 degli
522 2064 695 2119 scooomcatt'
717 2062 763 2119 dcl
785 2063 866 2118 00040
889 2060 953 2116 dett
979 2062 1076 2116 004400
1100 2061 1197 2134 Capua
1224 2063 1254 2116 in
1277 2059 1375 2117 tabida
1397 2077 1416 2117 n
1448 2064 1485 2117 66

209 2169 284 2222 40404
312 2165 467 2236 figulorum
489 2165 700 2237 Campanorum
730 2165 879 2220 nominum
908 2167 939 2219 in
967 2177 1021 2220 suo
1052 2179 1152 2221 museo
1183 2164 1345 2220 adservata.
1397 2177 1486 2220 44004)

209 2269 323 2324 44400400
346 2267 422 2339 apud
445 2267 602 2335 Minicium,
629 2267 826 2324 n·r1s0idem
850 2269 879 2323 in
901 2267 1000 2323 tabula
1028 2259 1197 2342 (Mommsen
1218 2267 1239 2323 l.
1257 2267 1277 2324 l.
1294 2260 1338 2342 g).

142 2379 198 2430 28.
225 2375 264 2430 29
297 2369 390 2426 4440004
420 2370 520 2427 lettera
545 2374 625 2427 4846
655 2369 716 2426 tab.
740 2373 751 2427 l
779 2387 809 2426 n.
834 2370 845 2424 l
880 2365 990 2443 (44440440
1020 2363 1197 2447 vulgaribus)
1231 2375 1259 2426 04
1287 2385 1316 2440 0.
1342 2371 1379 2426 34
1411 2362 1489 2444 (inde

208 2476 250 2530 De
273 2474 385 2529 44404040
408 2473 472 2528 t.ll
495 2487 524 2528 0.
546 2477 583 2529 844
616 2473 653 2529 cl.
672 2489 703 2543 p.
724 2475 795 2541 244,
817 2475 849 2541 73
883 2473 1042 2528 Mommsen
1067 2471 1185 2543 Gorpl
1208 2487 1238 2527 n.
1259 2475 1318 2528 643
1354 2465 1400 2546 [04
1430 2486 1488 2541 quo

209 2577 348 2634 Garrucci
363 2574 435 2646 Syll.
450 2591 480 2630 n.
498 2567 569 2650 302]
593 2580 621 2630 04
635 2574 722 2645 Gorp.
736 2575 765 2630 X
780 2591 810 2630 0.
828 2577 907 2631 8083
920 2588 933 2630 a
944 2568 984 2650 bJ:
1022 2586 1089 2630 riso
1105 2574 1208 2630 litteris
1223 2573 1385 2630 minoribus
1400 2587 1489 2644 quam

208 2682 239 2735 40
260 2679 382 2750 reliquis
403 2675 567 2748 glandibus.

230 2850 385 2906 Glandium
417 2854 468 2907 23.
495 2851 547 2907 24.
574 2852 612 2906 26
646 2848 760 2904 04044400
790 2848 838 2903 vel
867 2855 947 2904 certe
977 2847 1160 2918 imperfectas
1190 2862 1255 2903 esse
1284 2846 1488 2917 inscriptiones

142 2960 256 3012 constat
282 2959 311 3009 04
339 2953 411 3024 quin
439 2951 548 3008 luerint
576 2951 661 3005 etiam
689 2966 720 3006 n.
744 2955 781 3007 22
814 2956 842 3006 04
872 2953 911 3008 24
936 2949 1062 3006 (4444444044
1083 2950 1132 3005 vix
1161 2955 1268 3021 potest.
1320 2949 1361 3004 Ex
1388 2965 1419 3006 n.
1447 2953 1485 3007 28

143 3064 173 3113 04
196 3061 235 3115 23
265 3057 461 3113 llommsenus
483 3055 567 3124 Corp.
587 3054 599 3107 l
621 3069 651 3108 n.
673 3056 731 3110 643
757 3058 786 3109 04
807 3054 835 3109 X
858 3070 887 3108 n.
909 3057 989 3110 8063
1007 3052 1051 3108 44
1074 3052 1190 3109 admisit
1216 3051 1335 3107 alteram
1361 3052 1490 3124 inscrip-

142 3163 250 3216 tionem
274 3158 363 3214 banc:

779 3374 846 3418 Piso

146 3621 203 3676 Sed
234 3618 392 3676 videndum
421 3623 480 3683 est,
512 3633 548 3672 ne
576 3617 650 3673 haec
680 3633 799 3689 quoque
827 3619 926 3674 mutila
954 3619 991 3673 sit
1019 3616 1222 3688 Alessiumquo
1250 3611 1291 3691 (id
1319 3616 1399 3686 quod
1426 3616 1489 3672 ficri

146 3723 279 3779 4004444040
307 3714 413 3795 004004)
441 3721 546 3792 fugerit
575 3720 717 3777 detectus.
772 3718 867 3788 Quare
897 3720 991 3791 potius
1020 3719 1248 3790 exspectandum
1279 3733 1343 3774 0000
1372 3720 1485 3789 opinor,

145 3825 238 3882 donec
261 3822 411 3894 exemplar
431 3822 550 3894 aliquod
572 3839 589 3878 a
610 3823 731 3880 fusionis
753 3823 941 3894 imperfectae
964 3828 992 3878 04
1019 3820 1156 3878 400040040
1177 3823 1343 3894 suspicione
1365 3821 1491 3878 liberum

145 3927 181 3982 ab
211 3927 317 3983 idoneo
345 3929 419 3981 40040
449 3927 642 3980 examinatum
670 3925 767 3981 400444.
797 3953 841 3964 -
870 3925 903 3980 40
924 3941 954 3981 0.
974 3929 1012 3983 22
1041 3939 1100 3980 000
1122 3923 1244 3982 dubium
1266 3930 1310 3980 004
1332 3925 1403 3995 quin
1426 3936 1490 3980 riso

146 4031 250 4097 400444,
283 4032 420 4084 nantem
447 4027 622 4100 typographi
643 4029 760 4099 inopiae
790 4027 942 4084 debeatur.
986 4027 1110 4084 Litterae
1133 4043 1148 4083 r
1172 4029 1250 4084 enim
1278 4027 1371 4084 torma
1393 4029 1423 4083 in
1445 4025 1491 4081 his

145 4129 302 4203 glandibus
323 4131 455 4201 proxime
477 4129 514 4187 ab
537 4130 593 4185 hac
616 4117 641 4184 o'
657 4128 751 4186 abest.

230 4269 273 4340 ‘L.
292 4283 357 4340 Piso
381 4283 401 4339 4.
420 4284 456 4352 4.,
488 4283 565 4339 idem
593 4284 642 4339 ille
664 4284 695 4340 L.
715 4283 886 4354 Calpurnius
907 4283 939 4338 L.
958 4282 977 4338 4.
998 4299 1086 4354 quem
1115 4283 1145 4337 in
1173 4281 1237 4352 lege
1264 4282 1492 4352 repetundarum

149 4381 277 4462 [dorp-l
299 4401 329 4442 n.
351 4381 422 4460 498]
448 4403 479 4442 v.
499 4390 646 4444 74:84
677 4386 865 4452 offendimus,
899 4385 1001 4441 consul
1023 4389 1222 4442 auocat
1251 4383 1392 4440 adversus
1415 4385 1492 4456 lugi-
1531 4405 1534 4412 ·

145 4493 220 4547 tivos
242 4491 271 4544 in
288 4488 384 4545 Sicilia
405 4487 516 4545 bellum
538 4491 627 4559 gessit
641 4489 882 4558 liamertiumque
904 4486 1043 4558 oppidum
1066 4489 1242 4559 expugnavit
1261 4478 1390 4560 (Orosius
1408 4491 1436 4556 6,
1455 4493 1487 4554 3;

146 4593 206 4649 Pal.
225 4593 301 4648 llax.
323 4594 351 4659 4,
372 4596 400 4662 3,
425 4585 488 4666 tol.
536 4593 682 4661 Hennam,
717 4591 795 4663 quod
825 4591 1021 4646 firmissimum
1052 4589 1236 4661 lugitivorum
1265 4590 1410 4660 refugium
1438 4606 1493 4660 ap-

146 4695 234 4766 pellat
256 4693 393 4764 Orosius,
427 4695 506 4766 00044
529 4693 661 4764 demum,
695 4696 747 4765 qui
768 4694 863 4751 Pisoni
885 4693 1028 4749 successit
1049 4707 1110 4750 cos.
1128 4709 1159 4748 u.
1179 4709 1205 4749 0.
1228 4697 1286 4751 622
1310 4692 1342 4746 P.
1361 4693 1492 4763 Rupilius

147 4792 215 4870 (Cic.
230 4796 314 4852 Verr.
337 4799 365 4865 4,
386 4800 438 4863 440,
460 4800 534 4861 442ς
569 4795 751 4864 0400.4.0.;
784 4794 903 4852 4440404.
928 4812 958 4866 p.
986 4799 1064 4864 623;
1095 4794 1170 4852 Flor.
1191 4799 1221 4864 2,
1242 4786 1285 4870 7);
1320 4795 1397 4851 idem
1425 4801 1492 4850 ante

147 4901 201 4954 iam
231 4899 365 4956 Pisonem
398 4901 585 4970 temptavisse
614 4904 749 4955 auctores
779 4912 838 4953 non
866 4896 1063 4965 tradiderunt,
1101 4897 1153 4952 sed
1186 4902 1329 4954 testantur
1358 4896 1489 4967 glandes.

147 5000 351 5059 Funditoribus
380 5000 514 5058 Pisonem
543 5003 573 5057 in
605 5001 662 5058 boc
695 4998 771 5057 bello
793 5014 879 5056 usum
908 5015 972 5056 esse
1004 5005 1157 5071 praetcrea
1189 5000 1339 5057 confirmat
1362 4998 1492 5054 Valerius

148 5105 285 5160 llaximus
308 5097 350 5177 (2,
372 5107 401 5172 4,
423 5109 455 5172 3;
483 5105 521 5160 04.
539 5104 666 5160 Frontiu.
685 5108 767 5158 strat.
788 5105 817 5171 4,
841 5107 867 5171 4,
889 5097 939 5178 26]
966 5102 1098 5157 Pisonem
1121 5101 1252 5157 40404000
1274 5109 1383 5157 turmas
1406 5101 1493 5170 equi-

146 5213 205 5261 tum
220 5205 362 5279 quasdam
378 5207 551 5277 ignominiae
568 5221 654 5263 causa
669 5204 812 5277 ademptis
827 5207 911 5275 equis
927 5206 956 5260 in
971 5203 1150 5260 funditorum
1169 5204 1228 5259 alas
1250 5188 1487 5277 transcripsisse².

146 5309 375 5365 llommsenus
398 5308 517 5380 corp.1
539 5325 570 5380 p.
593 5311 650 5364 483
674 5307 710 5362 ad
734 5324 763 5363 n.
785 5311 843 5365 642
861 5322 905 5377 sq.

1251 5417 1350 5502 μ’
