3902 6238
826 1819 876 1888 Π.

501 1987 802 2080 GLANDES
841 1990 1209 2082 ASGVLANAE

588 2166 645 2236 nv
671 2165 893 2251 nunrovnn
920 2167 1118 2241 rreuvln.

179 2309 356 2472 Glandes
378 2406 537 2465 Asculanas
559 2409 670 2477 primus
693 2409 783 2466 edidit
805 2427 880 2468 anno
906 2415 986 2468 1663
1012 2412 1096 2467 lanus
1120 2412 1274 2478 Gruterus,
1308 2411 1462 2482 Lipsianis,
1493 2418 1525 2466 ut

177 2513 292 2581 opinor,
321 2510 495 2582 apographis
509 2525 596 2579 usus3
624 2514 727 2569 melius
742 2513 854 2584 Lipsius
873 2515 937 2585 ipse
952 2512 1112 2585 publicavit
1125 2527 1201 2568 anno
1221 2517 1300 2569 1666
1318 2514 1525 2571 Poliorceticon

176 2615 262 2669 tertia
285 2612 413 2670 editione
435 2612 511 2670 libro
534 2613 570 2670 tv
592 2631 619 2671 c.
640 2621 668 2685 3,
694 2614 747 2672 ubi
768 2602 905 2687 ‘aliquot,
936 2617 1044 2687 inquit,
1071 2631 1167 2686 nuper
1187 2621 1321 2687 repertae
1343 2624 1411 2673 sunt
1431 2632 1524 2688 prope

177 2714 317 2772 Asculum
339 2718 369 2771 in
392 2713 510 2772 ilumine
524 2703 654 2773 Triunto'
678 2711 766 2792 [corr.
785 2714 937 2790 Truentol.
985 2719 1082 2775 Paullo
1104 2725 1170 2790 post
1187 2719 1328 2788 Georgius
1351 2719 1525 2776 Gualtherus

177 2821 209 2873 in
238 2807 362 2875 ‘Siciliae
391 2823 527 2890 antiquae
555 2806 674 2876 Tabula³
695 2822 800 2877 iterum
832 2821 907 2877 edita
935 2822 1084 2878 Messanae
1115 2824 1195 2878 1611
1227 2822 1273 2877 vel
1304 2826 1382 2880 1616
1415 2838 1522 2881 comm.

178 2938 209 2993 p.
230 2927 268 2979 16
299 2916 395 2996 (editio
410 2925 513 2993 prima,
541 2923 624 2979 cuius
646 2929 713 2980 nota
736 2925 911 2996 exemplaria
932 2925 1014 2981 titulo
1030 2931 1138 2992 carent,
1165 2924 1201 2979 ad
1223 2925 1297 2981 haec
1313 2940 1371 2982 non
1393 2928 1526 2998 inspecta

177 3019 245 3098 est),
273 3030 347 3080 teste
363 3024 532 3082 Sebastiano
547 3024 782 3083 Andreantonelli
797 3025 942 3084 Asculano
964 3029 992 3082 in
1007 3043 1092 3084 amne
1115 3026 1321 3084 Castellarri
1344 3035 1441 3086 erutas
1461 3046 1525 3086 esse

177 3127 306 3198 tradidit,
332 3129 395 3198 ipse
417 3128 571 3184 nonnullas
586 3128 658 3184 vidit
672 3130 779 3186 Romae
801 3130 879 3201 apud
895 3130 1102 3187 Lancellottum
1118 3130 1155 3186 de
1170 3130 1351 3187 Lancellottis
1371 3134 1525 3203 patricium

177 3230 366 3287 Aeculanum.
406 3230 487 3286 ldom
503 3228 771 3288 Andreantonellius
791 3225 1023 3309 (1691-1613)
1044 3232 1184 3289 Historiae
1200 3231 1362 3289 Asculanae
1378 3234 1425 3314 ed.
1444 3239 1523 3293 1673

178 3351 207 3405 p.
225 3337 262 3390 13
276 3319 451 3401 ‘Glandium
472 3335 574 3405 inquit,
595 3350 670 3405 quae
687 3350 704 3390 e
719 3333 815 3390 lundis
831 3333 991 3405 vibrantur,
1012 3335 1141 3404 quotidie
1157 3335 1284 3392 infinitus
1298 3352 1375 3407 pene
1386 3353 1525 3395 numerus

177 3437 274 3493 Asculi
297 3421 463 3507 reperitur',
496 3420 714 3505 inscriptionem
728 3444 825 3494 tamen
846 3439 1018 3495 memoravit
1040 3437 1159 3493 nullam.
1206 3439 1356 3508 Minicius,
1387 3442 1438 3510 qui
1459 3441 1526 3512 plus

178 3542 275 3594 minus
298 3538 439 3595 tredecim
462 3537 552 3594 edidit
573 3538 693 3608 glandes
708 3537 867 3596 Asculanas
889 3541 1028 3610 genuinas
1049 3533 1130 3616 (colle
1147 3542 1258 3597 anticbe
1271 3542 1395 3612 pbiande
1409 3543 1521 3613 missili,

182 3634 418 3716 1639-1616),
454 3655 503 3696 eas
533 3656 657 3710 quarum
685 3642 825 3713 originem
848 3643 986 3699 indicavit
1015 3643 1099 3714 longo
1134 3635 1192 3717 (aut
1211 3637 1319 3718 presso)
1348 3645 1374 3700 le
1394 3648 1456 3718 ripe
1478 3646 1524 3702 del

181 3745 284 3801 lionto
307 3749 439 3814 repertas
462 3757 527 3798 esse
550 3742 621 3799 dixit
647 3737 685 3820 (p.
707 3749 779 3802 163.
805 3749 877 3802 106.
904 3749 975 3804 113.
1004 3737 1090 3821 216);
1119 3745 1171 3800 sed
1200 3760 1233 3800 ea
1256 3745 1362 3814 verba,
1389 3748 1451 3803 lere
1474 3766 1525 3804 re-

177 3849 266 3919 pet-ita
289 3863 324 3902 ex
339 3847 436 3916 Lipsio
463 3839 511 3920 (61.
531 3844 567 3900 ad
583 3861 613 3899 n.
635 3849 683 3912 16,
705 3839 726 3922 1]
754 3847 801 3901 vix
817 3847 900 3904 aliter
915 3846 1084 3917 accipienda
1100 3853 1186 3904 erunt
1201 3850 1256 3905 nisi
1270 3865 1363 3920 propo
1384 3848 1522 3907 Asculum

176 3954 310 4006 inventas
333 3963 413 4016 esse;
440 3962 523 4016 nam,
556 3953 587 4002 ut
610 3948 682 4004 inira
704 3946 883 4019 videbimus,
911 3951 939 4005 in
958 3951 1084 4008 Truento
1107 3951 1154 4006 vel
1181 3953 1244 4007 eius
1266 3955 1329 4022 ripa
1358 3953 1524 4010 rarissimae

177 4054 295 4110 omnino
317 4050 437 4123 glandes
458 4051 659 4121 reperiuntur,
692 4049 729 4107 de
752 4053 891 4124 inscripta
913 4060 1011 4110 autem
1034 4060 1146 4110 constat
1168 4054 1254 4124 plano
1276 4054 1365 4111 nulla.

262 4153 352 4210 Annis
372 4154 681 4208 1671611676666]
703 4155 805 4224 ingens
828 4155 974 4226 glandium
998 4158 1202 4227 inscriptamm
1216 4154 1324 4213 Asculo
1343 4161 1526 4227 provenisset

176 4272 316 4314 numerus
346 4249 421 4331 [nam
441 4254 557 4311 Minicio
579 4255 629 4309 rix
652 4256 775 4325 amplius
789 4257 875 4312 XXX
894 4259 1095 4326 innotuerant,
1122 4273 1244 4328 quarum
1267 4264 1374 4326 tamen,
1400 4267 1433 4316 ut
1455 4277 1481 4317 s.
1501 4263 1520 4317 l.

176 4359 306 4428 docebo,
339 4359 401 4414 iere
431 4356 549 4412 dimidia
579 4372 647 4427 pars
676 4359 746 4414 lalsa
778 4352 846 4436 est),
880 4363 942 4430 ipse
969 4361 1147 4418 Mommseno
1177 4366 1295 4418 auctore
1325 4361 1361 4418 ab
1392 4365 1524 4422 lnstituto

175 4463 398 4533 archaeologico
413 4477 440 4514 a.
464 4461 544 4516 1677
560 4457 698 4516 Asculum
720 4463 826 4518 missus
848 4478 905 4519 una
922 4479 988 4520 cum
1004 4463 1076 4520 lulio
1093 4462 1232 4520 Gabrielli
1246 4463 1402 4534 Asculano,
1422 4483 1522 4526 museo

175 4565 325 4636 praelecto
348 4570 377 4620 et
398 4562 503 4620 henim
526 4578 623 4619 rerum
646 4565 675 4620 in
697 4565 799 4636 primis
814 4581 912 4637 gnaro,
933 4567 1002 4635 quid
1020 4567 1062 4622 rei
1086 4572 1164 4623 esset
1185 4569 1332 4639 inquisivi.
1365 4571 1523 4626 Inveniun-

175 4675 223 4724 tur
237 4671 325 4740 igitur
339 4665 461 4737 glandes
475 4667 598 4721 maxime
614 4668 644 4723 in
659 4666 821 4736 castellani,
841 4671 892 4739 qui
906 4666 1045 4725 Asculum
1060 4670 1211 4726 meridiem
1227 4687 1330 4727 versus
1349 4673 1420 4742 ripis
1435 4688 1523 4743 prae-

176 4773 268 4842 ruptis
291 4777 321 4827 et
341 4785 437 4840 usquo
460 4768 496 4824 ad
519 4769 568 4824 XL
590 4776 681 4825 metra
708 4771 772 4827 altis
800 4770 981 4840 praeterfluit
1012 4778 1041 4829 et
1070 4775 1098 4828 in
1128 4773 1227 4846 oppidi
1257 4775 1361 4845 angulo
1391 4775 1524 4831 orientali

175 4874 301 4930 Truento
331 4875 485 4940 miscetur,
512 4871 594 4928 alveo
617 4875 685 4941 imo,
713 4875 763 4944 qui
786 4888 822 4928 er
844 4874 902 4931 tofo
924 4877 991 4931 vivo
1022 4882 1143 4932 constat.
1194 4875 1319 4933 Glandes
1342 4891 1377 4931 ex
1399 4876 1523 4933 declivi-

175 4976 231 5033 bus
252 4977 330 5046 agris
350 4976 454 5031 vicinis
475 4972 612 5030 imbrium
627 4977 657 5031 vi
673 4975 841 5048 deportatae
863 4979 893 5032 iu
909 4975 1017 5034 llumen
1041 4980 1070 5033 in
1093 4980 1214 5050 eiusque
1230 4978 1351 5034 fundum
1374 4980 1522 5051 paullatim

176 5079 327 5136 devolutae
350 5081 380 5134 in
408 5079 458 5137 tofi
481 5079 604 5136 sinubus
632 5080 776 5149 plioisque
806 5079 948 5137 siderunt.
996 5079 1040 5137 lbi
1063 5096 1116 5138 nos
1139 5098 1167 5136 a.
1194 5085 1275 5139 1677
1298 5083 1386 5138 trium
1408 5082 1522 5139 dierum

180 5177 243 5256 (to.
264 5187 314 5238 11.
338 5187 372 5239 ti
398 5175 490 5256 Sept.)
519 5183 737 5252 investigatione
767 5184 895 5240 eruimus
924 5183 1045 5256 glandes
1067 5183 1271 5253 ccxxxvl11‚
1297 5200 1420 5256 quarum
1443 5186 1522 5243 solae

177 5283 251 5341 duae
279 5281 318 5361 (n.
348 5289 384 5341 16
416 5291 444 5341 61
478 5277 525 5360 16)
562 5286 782 5356 inscriptiones,
820 5291 956 5356 quattuor
984 5287 1046 5343 iere
1075 5290 1186 5344 incerta
1213 5286 1373 5346 litterarum
1402 5291 1522 5359 vestigia
