3902 6238
715 602 913 654 PRAEFATIO.
1369 613 1491 660 XXXIX

136 727 312 734 -—-.—-—-
566 725 679 731 ——-—.

230 775 419 854 nonnullaS,
452 795 492 837 44
514 773 607 836 libris
630 775 806 854 exscriptas
829 773 894 836 4444
917 792 1044 853 omnes,
1078 794 1112 854 p.
1131 775 1300 836 246-252
1332 773 1489 838 exhibuit.

232 877 369 941 Glandes
385 877 485 940 edidit
500 877 559 939 hoc
574 875 687 939 ordine
708 874 914 940 distributas:
938 898 972 959 p.
991 877 1160 938 204-248
1183 875 1257 957 (tab.
1277 878 1302 938 ll
1320 896 1351 938 n.
1372 878 1488 960 4-33)

232 979 365 1062 glandes
386 979 464 1042 belli
487 979 622 1058 socialis,
647 999 680 1060 p.
700 980 761 1041 249
778 998 827 1061 sq.
853 979 892 1058 (n.
913 976 1050 1062 444-36)
1070 980 1148 1041 belli
1171 979 1313 1061 Spartaci
1340 978 1391 1062 (44.
1410 1000 1491 1062 quae

232 1082 299 1145 dixi
315 1082 404 1146 adn.
425 1081 489 1165 ⁴3),
516 1102 549 1163 p.
568 1083 732 1143 226-234
760 1081 801 1162 (4.
821 1080 958 1164 37-534
985 1082 1063 1144 belli
1079 1081 1243 1162 Perusini,
1269 1103 1303 1163 p.
1322 1083 1491 1146 232-239

233 1185 275 1267 (n.
293 1187 419 1246 54-66
449 1194 480 1248 44
502 1203 534 1247 4.
561 1185 613 1266 84)
643 1185 800 1247 bellorum
823 1186 1018 1248 incertorum
1045 1205 1063 1246 a
1097 1184 1279 1265 legionibus
1305 1186 1486 1267 inscriptas,

227 1309 260 1370 p.
288 1285 455 1350 246-’244
486 1285 527 1369 (4.
547 1287 684 1370 86-834
720 1289 843 1350 Siculas
872 1288 1006 1349 Graecas
1037 1295 1069 1350 ct
1090 1287 1232 1367 Latinas,
1264 1309 1297 1369 p.
1316 1289 1486 1351 245-250

228 1391 365 1453 Graecas
386 1391 464 1453 alias
491 1388 583 1472 (inter
605 1391 662 1452 has
686 1409 813 1472 quoque
836 1389 983 1470 Siculas),
1009 1409 1042 1470 p.
1061 1390 1230 1452 250-253
1254 1392 1369 1454 varias.

310 1495 471 1556 Materiam
494 1493 621 1575 collegit
649 1512 726 1556 sane
756 1493 913 1574 copiosam
936 1492 1127 1573 primusque
1150 1510 1245 1573 quam
1268 1492 1331 1556 late
1353 1494 1412 1557 hoc
1434 1495 1486 1555 in-

228 1597 435 1677 scriptionum
459 1614 559 1676 genus
574 1605 709 1677 pateret,
736 1596 856 1658 docuit.
894 1595 973 1658 Cum
988 1614 1065 1656 vero
1088 1594 1259 1675 plerasque
1279 1595 1411 1676 glandes
1426 1616 1489 1658 non

229 1699 300 1780 ipse
331 1700 595 1779 examinavisset,
633 1699 690 1762 sed
719 1699 752 1759 in
779 1699 913 1761 aliorum
937 1697 1128 1778 apographis
1155 1698 1373 1778 acquiesceret
1396 1698 1490 1761 etde

229 1802 278 1863 his
301 1802 400 1864 rebus
423 1800 565 1864 iudicare
588 1821 651 1864 non
674 1802 751 1863 satis
774 1798 949 1879 didicisset,
976 1817 1039 1860 non
1062 1798 1163 1861 solum
1181 1801 1361 1880 complures
1383 1801 1491 1863 minus

230 1904 397 1966 emendata
420 1905 556 1967 lectione
579 1904 684 1967 edidit
704 1921 815 1965 verum
838 1902 933 1966 etiam
955 1921 1070 1982 parum
1092 1902 1176 1964 cavit
1198 1923 1216 1962 a
1239 1903 1375 1983 spuriis,
1407 1922 1489 1982 quae

226 2015 305 2068 tunc
343 2025 506 2087 emergere
547 2015 733 2088 coeperunt,
777 2002 961 2085 decipiendi
999 2005 1164 2085 prurigine
1204 2025 1240 2067 eo
1275 2005 1357 2086 ipso,
1402 2004 1488 2085 quod

228 2108 360 2189 glandes
394 2129 412 2170 a
445 2109 572 2172 Minicio
606 2108 832 2188 undecumque
867 2108 1147 2188 conquirerentur,
1184 2107 1400 2170 nebulonibus
1433 2127 1491 2169 ex-

229 2213 333 2276 citata.
382 2211 422 2272 Et
443 2220 551 2274 tamen
575 2211 764 2292 rectissime,
790 2221 827 2273 ut
849 2219 984 2290 caveret,
1012 2209 1150 2271 monitus
1173 2220 1241 2272 erat
1263 2231 1281 2273 a
1303 2211 1485 2292 liorghesi03

228 2334 323 2394 quem
346 2322 470 2375 tantum
494 2313 605 2377 aberat
625 2324 663 2377 ut
684 2313 827 2393 audiret,
860 2321 959 2375 utne
983 2320 1170 2393 argumenta
1193 2311 1341 2393 quidem,
1369 2312 1490 2393 quibus

227 2416 288 2477 viri
319 2415 435 2480 summi
464 2416 604 2497 suspicio
632 2416 809 2495 nitebatur,
842 2415 948 2496 palam
978 2415 1144 2496 evulgaret
1173 2434 1275 2495 eoque
1305 2414 1486 2496 impediret,

228 2521 400 2599 quominus
423 2519 463 2581 iis
487 2519 541 2581 alii
563 2519 679 2581 melius
702 2519 750 2581 uti
772 2526 920 2599 possent3
947 2515 989 2578 44.
1008 2535 1089 2598 quae
1105 2516 1173 2579 dixi
1189 2537 1222 2598 p.
1241 2519 1280 2578 89
1298 2537 1346 2597 sq.
1371 2519 1490 2591 Quam-

228 2640 324 2702 quam
363 2621 454 2684 adest
493 2622 522 2683 ei
561 2621 704 2683 nonnihil
746 2620 975 2699 excusationis,
1017 2618 1277 2700 quandoquidem
1317 2621 1489 2700 plerasque

228 2743 338 2788 earnm
360 2724 539 2804 nuperrimi
562 2742 690 2805 quoque
713 2722 864 2801 editores,
897 2721 972 2783 44444
1001 2739 1055 2782 444
1078 2720 1135 2784 (444
1157 2721 1339 2784 examinare
1362 2730 1489 2784 etcum

228 2827 377 2908 genuinis
400 2824 544 2889 conferre
567 2834 714 2907 possent,
749 2844 799 2887 44.
826 2843 873 2905 gr.
899 2822 1108 2902 Garrucoius,
1138 2825 1297 2904 genuinas
1320 2844 1391 2887 esse
1412 2843 1490 2887 cen-

229 2939 373 2992 suerunt.
399 2965 437 2975 -
463 2928 555 3002 Quod
579 2927 741 3009 glandium
764 2927 918 3007 originem
943 2944 1039 3006 saepe
1063 2944 1126 2986 non
1150 2925 1319 3007 indicavit,
1351 2929 1421 2990 eius
1443 2928 1489 2990 rei

229 3033 323 3112 culpa
345 3033 446 3112 magis
476 3033 547 3094 eius
576 3029 761 3093 auctoribus
788 3048 885 3110 quam
907 3027 1023 3090 editori
1045 3027 1217 3090 tribuenda
1240 3038 1304 3108 est,
1339 3028 1396 3092 sed
1420 3031 1490 3111 ipse

228 3143 392 3214 praeterea
422 3135 517 3196 etiam
545 3150 784 3212 nonnumquam
816 3131 874 3195 ubi
901 3140 1063 3194 exstarent
1093 3130 1226 3212 glandes
1248 3130 1401 3195 adnotare
1430 3152 1490 3195 44-

227 3237 334 3317 glexit,
361 3245 398 3299 ut
413 3236 575 3318 quodnam
591 3237 755 3316 exemplar
777 3235 941 3316 significet,
962 3235 1142 3296 coniectura
1165 3234 1423 3314 investigandum
1447 3235 1490 3298 sit

233 3338 281 3420 (44.
302 3337 354 3418 47,
373 3337 410 3422 4),
443 3339 477 3400 44
500 3336 691 3418 quibusdam
716 3336 855 3400 discerni
883 3337 979 3418 plane
1009 3345 1160 3416 nequeat.
1205 3337 1381 3415 Praeterea,
1408 3337 1491 3400 sicut

228 3442 295 3503 suis
317 3441 396 3504 loeis
410 3440 570 3521 adnotavi,
595 3441 822 3504 nonnullarum
838 3438 1001 3520 glandium
1018 3439 1172 3520 originem
1192 3439 1300 3519 potius
1314 3440 1489 3503 coniecisse

228 3563 267 3605 ex
289 3544 496 3624 inscriptione
512 3543 640 3606 videtur
662 3562 758 3624 quam
781 3541 930 3605 traditam
952 3541 1116 3604 habuisse.
1133 3575 1177 3586 -
1192 3542 1349 3622 Imagines
1364 3542 1489 3604 littera·

228 3665 296 3708 rum
312 3645 445 3710 formam
460 3666 575 3727 parum
594 3645 657 3708 lide
673 3655 928 3727 repraesentant,
953 3645 1048 3707 etiam
1064 3645 1147 3723 illae,
1173 3663 1256 3725 quae
1279 3643 1320 3706 ad
1343 3646 1490 3725 exempla

228 3747 384 3811 delineata
407 3748 560 3830 repetitae
583 3759 676 3828 sunt3
710 3748 768 3810 sed
791 3767 855 3829 eas,
882 3766 962 3828 quas
985 3745 1118 3826 subieci,
1144 3765 1181 3806 44
1203 3747 1394 3827 apographis
1415 3755 1487 3808 tan-

229 3861 295 3913 tum
318 3851 435 3914 litteris
457 3851 646 3933 vulgaribus
668 3852 702 3912 in
730 3851 839 3913 tabula
862 3849 1020 3913 exhibuit:
1053 3848 1118 3910 tab.
1137 3849 1211 3912 442.
1238 3850 1267 3910 6.
1290 3851 1340 3911 42.
1362 3850 1412 3912 46.
1433 3851 1483 3914 ta.

232 3955 282 4017 28.
301 3954 353 4016 35.
375 3955 512 4015 38-44.
537 3955 589 4016 56.
612 3954 664 4016 55.
685 3953 736 4016 57.
765 3954 817 4016 66.
836 3950 975 4014 74-77.
1002 3953 1054 4013 80.
1073 3953 1125 4015 84.
1152 3953 1204 4033 83,
1231 3951 1349 4017 additis
1371 3953 1412 4018 ad
1434 3955 1490 4017 has

229 4066 259 4118 et
283 4058 317 4117 54
354 4056 464 4120 formis
493 4075 623 4138 quoque
652 4054 816 4138 glandium
838 4055 934 4137 plane
956 4055 1143 4118 arbitrariis.
1194 4053 1244 4118 hd
1271 4057 1490 4121 characterum

228 4160 433 4239 antiquorum
455 4158 589 4222 formam
611 4158 861 4240 cognoscendam
884 4159 989 4221 omnia
1011 4159 1082 4220 eius
1110 4160 1257 4240 exempla
1278 4160 1400 4222 nullius
1422 4159 1489 4222 4444

228 4281 308 4326 usus
336 4271 422 4325 sunt.
449 4296 488 4308 -
512 4262 552 4325 Vt
573 4262 700 4325 lectoris
723 4259 884 4323 commodo
914 4260 1127 4342 consulerem,
1162 4262 1329 4323 elenchum
1352 4260 1486 4341 subieci,

228 4382 292 4445 quo
311 4365 496 4427 hlinicianos
518 4382 670 4427 numeros
692 4383 763 4427 cum
785 4365 904 4427 nostris
926 4364 1104 4442 composui,
1136 4363 1195 4426 hac
1217 4372 1290 4425 nota
1318 4367 1339 4441 †
1367 4363 1490 4444 signifi-

227 4486 303 4530 cans
327 4468 529 4532 hlinicianam
557 4467 795 4548 inscriptionem
825 4487 896 4529 meo
924 4465 1043 4529 indicio
1071 4483 1140 4528 esse
1163 4466 1309 4529 lectionis
1332 4466 1444 4545 falsae,
1470 4470 1490 4543 4

227 4569 376 4650 glandem
399 4579 598 4652 suspectam,
624 4573 642 4604 *
665 4570 819 4651 spuriam.

176 4790 277 4842 44444444
349 4793 392 4844 ed.
413 4796 521 4844 nostrae
643 4793 745 4843 Minicii
816 4791 989 4842 adnostros
1107 4792 1211 4842 Minicii
1281 4791 1324 4844 ed.
1346 4791 1454 4841 nostrae

228 4879 240 4939 4
359 4877 401 4939 r*
684 4876 725 4958 p]
827 4878 888 4937 u*
1141 4877 1179 4938 44
1292 4877 1354 4938 ra*

357 4965 397 5025 82
416 4981 462 5020 not.
477 4966 499 5040 ¹1·
696 4963 714 5022 8
826 4963 869 5022 8*
1141 4964 1179 5022 44
1290 4964 1309 5021 9
1332 4964 1387 5038 29¹1·

359 5052 455 5127 9444
696 5050 714 5107 9
826 5049 871 5107 9*
1141 5049 1180 5108 45
1290 5049 1345 5110 44

359 5135 423 5197 te*
677 5135 715 5194 46
826 5135 889 5210 264
1141 5135 1179 5193 46
1291 5133 1367 5195 464

357 5223 426 5285 644
677 5221 709 5279 44
828 5220 890 5281 424
1141 5217 1180 5279 47
1292 5218 1332 5281 47
1356 5222 1394 5296 44

359 5305 413 5370 74
676 5306 714 5368 42
824 5307 922 5381 9444
1141 5305 1180 5365 48
1291 5305 1331 5368 ad
1355 5307 1400 5382 44
