3902 6238
604 611 647 661 44
665 612 838 672 8444484444
859 613 1017 664 arcemn.
1438 603 1484 673 17

205 809 329 864 incisum
352 813 405 877 est,
427 807 461 866 id
481 805 559 877 quod
583 823 618 863 84
642 814 747 879 ectypo
769 812 894 865 8484844.
919 838 962 848 -
985 814 1039 866 634
1066 825 1129 866 444.
1153 838 1198 848 -
1219 810 1333 867 Fiorelli
1349 811 1487 882 Gotolopo

228 952 234 965 .
257 916 267 967 4
278 916 289 967 4
300 955 306 966 .

134 1004 160 1072 6
184 926 239 1070 5444
266 1012 387 1068 Tab.Fl
404 1015 432 1068 4.
469 1013 625 1082 Descripsi.
651 1041 694 1052 -
717 1013 788 1070 Tres
809 1014 929 1082 glandes
955 1008 1104 1089 [66-64]
1130 1021 1271 1072 memorat
1292 1015 1385 1072 Count
1407 1013 1488 1070 d'Al-

206 1116 302 1183 banie,
325 1116 510 1188 proceedings
532 1116 567 1188 os
586 1116 632 1172 4448
652 1133 710 1172 888.
736 1117 772 1188 os
792 1124 851 1173 ent.
871 1118 906 1189 os
916 1119 1036 1174 London
1055 1120 1231 1186 4864-64,
1259 1131 1319 1173 884.
1338 1118 1361 1172 ll
1384 1118 1443 1174 vol.
1463 1118 1486 1172 ll

206 1236 236 1291 p.
257 1223 330 1277 264.

141 1336 193 1388 66.
222 1335 261 1388 64
284 1332 443 1402 Descripsi.
467 1358 512 1369 —
534 1330 626 1387 Count
648 1329 799 1388 d'Albanie
821 1331 841 1386 l.
859 1332 880 1387 l.

142 1445 201 1500 58:
227 1441 299 1500 Tab.
313 1443 349 1498 Vl
368 1449 396 1499 8.
443 1444 603 1514 Descripsi.
650 1443 782 1500 Fortasse
806 1437 886 1499 48888
908 1458 938 1513 q.
956 1459 986 1499 v.
1010 1458 1115 1500 recens
1137 1443 1264 1500 obducta
1286 1447 1340 1510 est,
1367 1441 1419 1498 sed
1441 1444 1488 1496 in-

207 1546 326 1617 scriptio
350 1545 553 1602 videturesse
578 1547 705 1616 antiqua.
737 1573 780 1586 -
807 1546 1003 1602 Mommsenus
1026 1548 1055 1601 in
1077 1545 1210 1616 schedis3
1241 1547 1288 1602 ed.
1307 1543 1489 1602 Friedericbs

207 1649 368 1705 Btldwerlce
389 1649 415 1704 ll
438 1665 467 1720 p.
486 1652 541 1707 244
570 1665 599 1705 4.
622 1653 714 1705 4434.

143 1765 203 1817 594
230 1757 337 1816 rabi
357 1764 405 1816 46.
453 1759 611 1831 Descripsi.

143 1876 184 1928 644
209 1871 357 1940 Descripsi
379 1886 421 1925 m.
437 1871 511 1927 44848
534 1875 612 1929 4882
637 1868 857 1942 Heidelbergae,
885 1882 943 1942 quo
966 1872 1167 1942 bourguignon
1190 1872 1296 1941 insigni
1317 1868 1489 1926 liberalitate

209 1975 419 2030 transmiserat.

143 2089 197 2141 64.
226 2089 264 2140 62
297 2085 385 2140 Catal.
418 2086 510 2140 musei
541 2085 672 2156 Borgiani
701 2101 727 2139 8.
758 2087 838 2141 4844
870 2084 916 2141 ed.
950 2087 980 2140 in
1009 2085 1175 2141 Dowmeott'
1202 2083 1302 2140 inediti
1329 2085 1375 2139 dei
1402 2082 1492 2136 488884

211 2189 238 2244 8
255 2188 344 2243 448448
366 2188 379 2242 4
405 2179 509 2263 (4848)
536 2201 567 2256 p.
589 2191 661 2244 888.

145 2304 186 2356 63
211 2299 330 2355 Carolus
352 2298 475 2368 Purgold
498 2314 539 2353 m.
565 2301 645 2355 lunio
665 2303 744 2356 4883
768 2299 882 2354 Parisiis
905 2299 976 2354 milri
999 2299 1155 2356 delineavit
1175 2315 1265 2356 unam
1287 2301 1380 2356 musei
1403 2297 1489 2354 Cam-

210 2418 317 2474 panae,
350 2402 469 2457 alteram
499 2403 592 2457 musei
614 2403 788 2470 nummarii,
820 2418 879 2473 quo
908 2405 982 2458 teste
1004 2409 1120 2459 ceterae
1142 2403 1235 2459 musei
1258 2402 1420 2473 Campanae
1444 2415 1511 2479 4444Ι

212 2505 367 2574 inscriptae
399 2505 488 2560 salsae
521 2509 598 2558 sunt.
667 2503 816 2575 Gatologlti
846 2504 893 2559 del
932 2519 1028 2560 moseo
1068 2505 1214 2578 Campano
1245 2511 1407 2561 memorant
1440 2520 1490 2559 884

211 2614 361 2676 septemve
391 2605 583 2676 exemplaria:
620 2607 700 2662 cl.ll
727 2610 796 2677 p.5
824 2622 854 2662 n.
878 2609 925 2661 46.
961 2611 1012 2665 26.
1047 2610 1098 2663 34.
1132 2610 1186 2676 44,
1227 2592 1367 2662 <similes':
1394 2622 1425 2662 n.
1451 2611 1489 2663 39

214 2717 243 2766 84
267 2713 304 2766 44
330 2717 358 2766 84
379 2715 412 2764 84
433 2708 492 2764 vid.
515 2710 565 2764 46.
597 2709 727 2764 —Tria
749 2708 876 2779 denique
906 2707 1038 2781 exempla
1069 2708 1146 2779 apud
1174 2725 1206 2765 88
1237 2713 1266 2764 84
1294 2709 1491 2766 marchionem

212 2813 275 2868 Car.
303 2811 462 2869 Strozzinm
490 2810 687 2868 Florentinum
715 2816 829 2867 exstare
858 2814 980 2867 testatur
1010 2811 1186 2869 Garruecius
1209 2811 1279 2883 Syll.
1306 2829 1335 2867 n.
1357 2815 1429 2879 946,
1455 2811 1493 2867 de

212 2931 337 2986 quorum
369 2914 534 2971 sinceritate
560 2913 689 2970 iudicare
718 2928 776 2971 non
806 2927 943 2984 possnm;
980 2914 1036 2971 boc
1058 2917 1118 2972 scio
1141 2915 1218 2985 apud
1246 2915 1415 2982 Strozzium,
1443 2917 1493 2985 qni

213 3017 283 3073 mibi
298 3035 325 3074 a.
348 3021 428 3075 4844
453 3017 593 3087 genadnas
615 3031 683 3072 suas
705 3014 830 3086 benigne
853 3016 988 3085 ostendit,
1015 3019 1161 3074 intereas
1184 3033 1231 3074 me
1254 3017 1363 3074 nullam
1384 3018 1493 3073 vidisse

214 3134 260 3177 448
283 3122 461 3190 inscriptam.

233 3269 366 3339 Denique
387 3268 444 3324 boc
466 3281 523 3323 rra
545 3266 622 3338 apud
637 3267 784 3322 Minicium
807 3271 829 3321 t.
847 3264 872 3318 ll
894 3281 924 3321 n.
944 3269 994 3332 22,
1021 3283 1051 3336 p.
1072 3269 1131 3323 292
1150 3271 1178 3321 84
1201 3270 1273 3334 243,
1300 3267 1350 3337 qui
1373 3266 1496 3337 explicat

148 3385 299 3440 44488448),
326 3369 416 3426 484888
438 3371 554 3428 48844884
576 3385 630 3440 pro
653 3382 700 3424 4444
728 3366 869 3440 (similiter
891 3368 985 3424 laesas
1006 3367 1099 3424 bobes
1122 3385 1211 3440 supra
1233 3385 1265 3423 n.
1284 3373 1319 3425 46
1346 3374 1375 3425 84
1394 3385 1423 3424 n.
1442 3363 1491 3444 24)

148 3473 275 3530 debetur
297 3480 326 3528 et
348 3473 487 3530 illudens
511 3472 586 3544 apud
604 3470 760 3541 Rubbium,
788 3473 947 3528 diziooorio
969 3472 1000 3528 di
1022 3479 1083 3527 884.
1104 3475 1183 3529 4496
1200 3472 1263 3528 Vlll
1285 3488 1316 3542 p.
1339 3473 1396 3527 440
1421 3487 1445 3526 8.
1464 3487 1492 3527 v.

148 3578 232 3648 plana
259 3569 336 3650 [inde
352 3576 464 3632 44444848
486 3591 517 3646 p.
538 3580 597 3634 296
619 3588 683 3643 ars,
708 3573 760 3630 sed
783 3581 804 3629 t.
823 3575 848 3628 ll
871 3589 900 3628 n.
921 3577 959 3630 49
984 3567 1038 3650 444)
1068 3574 1141 3631 adeo
1164 3590 1244 3631 mero
1267 3573 1374 3630 Rubbii
1397 3575 1497 3630 eiusve

149 3678 323 3751 typographi
345 3694 444 3735 errore
467 3682 568 3734 natum
591 3683 645 3733 est.
692 3677 765 3732 Nam
787 3676 865 3747 apud
887 3675 1131 3746 Aldovrandium,
1159 3693 1193 3732 84
1217 3694 1275 3748 quo
1298 3675 1430 3732 Rubbius
1452 3676 1498 3731 bis

150 3780 251 3837 verbis
273 3781 451 3837 Aldovrondt
472 3797 508 3836 oe
529 3782 567 3837 48
596 3783 651 3837 due
679 3779 743 3836 eoll'
768 3781 895 3852 epiprese
918 3797 936 3834 8
958 3781 1099 3835 rooeaeio:
1137 3795 1183 3835 4444
1205 3781 1289 3849 84484,
1322 3779 1378 3835 hae
1401 3781 1497 3851 potius

155 3878 178 3958 t]
208 3897 269 3950 4444,
299 3877 326 3958 2)
351 3883 534 3940 rhabantur.
574 3884 707 3939 llinicius
728 3898 781 3939 suo
803 3897 906 3937 rursus
928 3897 1028 3939 errore
1050 3883 1079 3937 in
1102 3881 1200 3938 tabula
1222 3899 1275 3954 pro
1298 3896 1345 3939 848
1369 3881 1500 3939 exhibuit

150 4001 216 4054 4444,
250 3992 279 4042 84
307 3985 363 4042 boc
393 3987 519 4058 denique
548 4000 596 4041 444
625 4002 661 4041 ex
682 3986 796 4042 blinicio
826 3985 957 4040 falsarius
980 3985 1142 4042 Asculanos
1165 3986 1262 4042 multis
1285 3984 1500 4057 exemplaribus

151 4091 280 4162 repetiit.

237 4201 439 4270 interpretatio
455 4201 649 4271 inscriptionis
665 4213 784 4257 rinnon
800 4205 844 4254 884
862 4201 932 4254 88448
947 4205 1040 4266 88448;
1066 4214 1242 4269 quamquam
1260 4199 1417 4255 verisimile
1435 4215 1499 4253 esse

152 4312 223 4376 puto
252 4297 288 4379 (id
312 4302 392 4373 quod
415 4303 472 4357 iam
487 4302 614 4358 Delticns
636 4295 743 4376 statuit)
770 4308 902 4373 spectare
925 4302 961 4357 ad
977 4303 1104 4358 Firmum
1119 4302 1269 4373 oppidum,
1296 4302 1378 4358 ouius
1393 4316 1500 4357 nomen

153 4409 181 4461 in
204 4407 333 4461 nummis
354 4405 441 4475 plane
461 4405 564 4461 eodem
580 4404 754 4476 compendio
775 4419 822 4460 4444
837 4406 977 4475 scriptum
991 4405 1138 4471 videmus3
1166 4404 1205 4460 84.
1223 4405 1384 4460 lllommseu
1397 4405 1501 4460 4444444-

151 4525 244 4564 488888
269 4512 348 4565 48644
374 4522 404 4576 p.
425 4510 485 4566 249
510 4523 555 4578 sq.
602 4508 728 4563 Firmum
751 4513 864 4576 autem,
896 4523 955 4577 quo
978 4523 1010 4562 se
1032 4514 1184 4578 receperat
1207 4509 1360 4580 Pompeius
1383 4507 1498 4574 Strabo,

152 4611 309 4668 obsessum
332 4625 398 4667 8888
421 4607 458 4667 ab
481 4610 557 4666 italis
581 4626 617 4665 84
634 4608 766 4682 Appiano
789 4611 800 4666 l
826 4613 864 4667 44
888 4615 1008 4667 constat.
1055 4603 1165 4688 Fir(mo
1181 4602 1282 4687 misso)
1302 4612 1349 4667 rel
1371 4610 1502 4667 similiter

153 4713 309 4784 legendum
332 4729 399 4769 esse
422 4714 547 4770 coniecit
569 4713 784 4784 Mommsenus;
811 4712 992 4783 probabilius
1013 4713 1136 4770 fortasse
1159 4729 1226 4770 cum
1247 4715 1363 4771 Minicio
1387 4713 1503 4769 intelle-

152 4824 259 4887 gentur
285 4807 441 4892 Fir(moat)
468 4815 629 4872 funditores
658 4817 733 4871 inter
764 4815 868 4871 auxilia
894 4815 1090 4872 Romanorum
1116 4821 1295 4886 pugnantes,
1329 4819 1402 4872 sicut
1430 4816 1503 4870 inira

154 4935 185 4975 n.
208 4924 244 4975 46
267 4918 371 4975 haberi
393 4918 531 4974 videntur
555 4909 680 4994 G‘Wt
714 4917 841 4989 indeque
870 4918 954 4974 488448
985 4915 1192 4988 explicabitur,
1225 4919 1305 4989 qnod
1327 4919 1399 4974 haec
1422 4919 1503 4988 glans

153 5021 231 5093 apud
253 5021 394 5078 Asculum
423 5027 452 5076 et
473 5021 652 5091 Corropolim
682 5021 805 5091 reperiri
827 5020 910 5076 solet.
967 5014 1049 5095 [Cum
1077 5027 1189 5077 constet
1210 5022 1330 5092 glandes
1352 5023 1504 5094 inscriptas

155 5137 200 5178 4444
233 5127 368 5180 44884488
404 5139 468 5179 8888
502 5128 530 5178 84
562 5123 600 5178 ad
629 5123 808 5194 Corropolim
841 5129 870 5178 et
896 5123 932 5179 ad
962 5123 1116 5192 Asculum,
1153 5129 1233 5180 recte
1256 5124 1323 5181 inde
1353 5125 1504 5197 colligetur

154 5225 297 5284 eiusmodi
327 5225 447 5295 glandes
476 5240 535 5281 non
564 5241 666 5282 omnes
688 5227 764 5281 inter
786 5229 878 5294 ipsam
901 5223 1083 5283 obsidionem
1104 5227 1183 5281 48888
1206 5241 1281 5302 8888,
1316 5228 1369 5284 sed
1391 5235 1504 5299 partem

155 5335 233 5384 certe
255 5329 370 5384 allatam
393 5345 459 5384 eum
482 5329 595 5398 reliquo
618 5333 759 5399 apparatu
780 5327 885 5385 bellico
908 5335 1037 5400 paratam
1058 5325 1138 5385 alibi.
1183 5328 1276 5398 Quam
1299 5330 1337 5387 ob
1360 5346 1423 5386 rem
1445 5347 1504 5388 non

365 5442 399 5491 t'l
1282 5444 1297 5494 2
