3922 6240
630 647 673 695 nn
691 645 864 704 66646446
885 645 1043 696 elcanan.
1461 630 1508 702 43

163 834 208 903 38
233 849 251 901 4
279 837 320 920 [in
341 857 444 898 museo
467 839 611 897 Asculano
638 833 774 914 4866464
799 854 830 894 6.
858 833 944 912 3694.
991 838 1100 895 Pendet
1123 843 1161 896 66
1185 855 1228 910 gr.

210 951 312 1005 8-44
341 941 389 1022 [ab
412 945 575 1000 Lazzarinio
604 943 759 1014 acquisivit
780 956 916 998 museum
939 939 1114 999 esculanum
1140 945 1219 1000 4844
1244 958 1274 997 6.
1297 945 1388 999 4466.
1418 947 1510 1000 4464.

257 1052 347 1106 4464.
370 1051 463 1104 4463.
486 1039 593 1120 44644.
641 1044 771 1100 Pendent
792 1060 836 1115 gr.
858 1049 907 1113 66;
930 1049 980 1110 66;
1001 1048 1051 1112 66;
1073 1049 1123 1113 68;
1146 1049 1196 1100 63.

192 1156 227 1208 43
252 1150 350 1209 Asculi
372 1154 488 1219 reperta
517 1139 614 1224 (recte)
643 1147 748 1204 dicitur
774 1141 861 1222 [nnnc
884 1147 1020 1204 Perusiae
1041 1148 1117 1218 apud
1141 1149 1276 1204 comitem
1298 1147 1381 1204 Rossi
1396 1139 1511 1221 Scotti].

253 1252 393 1324 Robigine
415 1252 492 1322 gilva
515 1256 592 1307 tecta
614 1257 669 1306 est.

192 1362 228 1414 44
256 1351 388 1432 [Neapoli
411 1357 442 1410 46
464 1369 565 1409 646666
588 1352 707 1422 publico
731 1368 760 1408 n.
791 1355 870 1410 4444
895 1354 970 1407 46466
992 1351 1216 1422 Santangelanas
1238 1369 1267 1408 n.
1297 1345 1340 1426 64.

254 1459 394 1530 Robigine
417 1455 491 1512 ssave
514 1460 672 1512 incrustata
696 1461 751 1523 est,
777 1457 906 1526 itemque
929 1469 1067 1525 sequens.

193 1565 229 1618 46
257 1555 340 1636 [ibid.
366 1576 396 1618 n.
426 1561 506 1616 4443
523 1579 565 1605 --
582 1557 718 1629 Santang.
745 1573 776 1616 n.
802 1552 846 1633 it].
895 1557 1003 1612 Pendet
1027 1559 1066 1613 64
1089 1572 1134 1627 36.

192 1669 229 1722 46
258 1658 340 1739 [ibid.
366 1677 397 1717 6.
426 1660 718 1731 4446ε8664663.
745 1675 774 1715 6.
803 1653 846 1734 44.
895 1658 1004 1714 Pendet
1028 1661 1064 1716 64
1089 1673 1134 1728 gr.

194 1770 229 1822 44
258 1760 389 1841 [Neapoli
411 1767 441 1818 in
464 1779 619 1821 4666666.
646 1767 684 1820 46
701 1783 743 1811 =
761 1756 850 1838 4484.
889 1762 998 1818 Pendet
1026 1765 1075 1828 66,
1097 1766 1113 1818 6
1138 1778 1181 1833 36.
1231 1761 1370 1833 36643466
1392 1761 1514 1819 6666466

255 1871 412 1925 incrustata
435 1872 490 1922 est.

193 1976 243 2028 48.
273 1975 309 2027 49
334 1985 369 2026 ex
398 1969 477 2025 ltalia
505 1969 608 2024 allatae
636 1967 786 2025 abarana
816 1967 853 2024 de
875 1966 1041 2024 llaienfisch
1071 1982 1129 2024 non
1158 1969 1302 2038 posterius
1332 1983 1408 2025 anno
1435 1972 1514 2025 4860

260 2066 347 2147 [nunc
363 2071 558 2143 Sigmaringae
580 2072 611 2126 in
632 2085 735 2127 museo
759 2071 897 2142 principis
912 2064 1153 2146 ilobenzollern];
1184 2075 1219 2127 48
1237 2070 1320 2139 46636
1343 2079 1387 2126 664
1404 2075 1512 2140 6,664,

262 2179 447 2244 466664.
759 2243 931 2369 ..Ι-

193 2453 202 2504 4
232 2449 341 2506 Deliico
363 2451 393 2503 46
415 2445 522 2518 466646,
550 2446 589 2503 64.
607 2461 637 2515 p.
661 2450 696 2503 46
725 2435 804 2522 (46446
827 2446 1030 2502 memoratlle
1053 2441 1324 2523 triptolemeo).

193 2556 208 2608 4
223 2569 229 2604 :
256 2551 326 2607 Tab.
342 2551 391 2606 444
408 2556 437 2607 8.
485 2548 558 2604 44444.
598 2549 630 2603 46
652 2547 709 2604 hac
724 2555 753 2604 et
769 2548 905 2618 sequenti
926 2547 1047 2604 lusionis
1062 2550 1131 2604 vitio
1148 2547 1241 2605 lineae
1256 2549 1398 2620 quaedam
1415 2555 1516 2606 666466

234 2662 310 2724 6664,
337 2653 386 2709 646
408 2652 457 2708 vel
480 2650 586 2708 4666466
609 2650 729 2707 similes.

194 2761 228 2812 3:
255 2753 436 2811 4664449.
483 2752 558 2808 Vidi.

192 2860 294 2914 l-to
318 2857 399 2924 Vidi;
433 2854 534 2912 6466.
555 2854 637 2912 4446
670 2854 798 2911 exhibui.
848 2859 883 2911 9:
912 2839 1064 2936 -4-
1099 2847 1251 2928 (principio
1274 2856 1408 2924 evanido,
1434 2862 1516 2926 parte

233 2967 398 3015 transversa
421 2958 505 3014 664446
521 2951 740 3034 666446664.·-
762 2960 799 3014 44
823 2958 853 3012 46
876 2957 965 3013 644666
980 2963 1062 3027 66646
1084 2955 1246 3013 litterarum
1260 2959 1380 3030 vestigia
1402 2963 1516 3014 exstant

235 3062 321 3134 plane
343 3063 471 3127 incerta,
499 3075 575 3130 quae
599 3061 739 3116 Garrucci
761 3076 791 3115 n.
813 3064 872 3116 969
903 3055 961 3134 (ubi
983 3074 1043 3115 non
1059 3059 1159 3116 dubito
1182 3061 1253 3131 quin
1268 3060 1345 3117 bano
1361 3057 1512 3138 significet)

235 3179 272 3219 444
288 3180 346 3220 666
368 3170 447 3219 66646
470 3162 549 3233 46344.
567 3189 611 3201 -
630 3167 665 3219 46
682 3162 825 3231 6664466444
841 3161 957 3218 desecta
973 3168 1028 3230 est,
1054 3167 1209 3232 antequam
1231 3163 1332 3234 robigo
1356 3170 1490 3220 exstaret.

173 3270 226 3323 44;
253 3264 386 3322 466444
403 3269 433 3322 4.
479 3265 560 3332 44444;
586 3266 616 3320 46
638 3267 754 3321 64646466
770 3265 904 3322 66646466
918 3280 1019 3320 manca
1036 3271 1091 3320 664.
1118 3293 1156 3304 -
1184 3265 1296 3321 Fiorelli
1312 3265 1407 3321 66464.
1425 3282 1456 3337 p.
1479 3271 1514 3325 44

238 3383 268 3423 6.
289 3373 362 3426 448.

176 3475 223 3527 tt.
247 3475 283 3527 49
307 3469 382 3525 Vidi.

255 3607 388 3677 Denique
417 3609 446 3662 in
477 3607 626 3678 Catalopbt
653 3605 698 3662 del
728 3621 823 3661 44444666
854 3605 1000 3677 Campano
1023 3605 1060 3662 64.
1080 3607 1105 3660 44
1129 3621 1158 3674 6.
1179 3610 1196 3662 6
1219 3621 1249 3661 6.
1273 3611 1308 3663 46
1337 3613 1514 3664 memoratur

170 3710 251 3780 glans
273 3726 325 3765 con
346 3710 438 3782 spada
460 3710 490 3764 46
511 3709 621 3780 4444666,
648 3708 808 3776 similisque
831 3722 895 3762 esse
919 3706 1025 3763 dicitur
1045 3723 1077 3762 n.
1100 3713 1147 3765 49.

257 3812 390 3882 Figuram
407 3826 503 3867 crassa
519 3811 588 3866 satis
603 3811 731 3867 Minerva
753 3810 857 3865 iactam
872 3808 1063 3878 probabiliter
1082 3810 1210 3881 gladium
1233 3818 1282 3868 aut
1307 3805 1347 3886 (id
1363 3814 1442 3883 quod
1464 3829 1518 3885 636

172 3907 365 3986 praetulerim]
401 3913 557 3984 pugionem
587 3914 822 3983 interpretantur.
869 3911 908 3966 Ea
941 3927 1008 3968 oum
1034 3914 1072 3968 644
1093 3915 1122 3968 46
1145 3920 1211 3972 64
1242 3931 1308 3971 cum
1331 3917 1518 3986 inscriptione

172 4029 249 4071 44644
273 4017 442 4086 666466646,
476 4014 613 4070 italorum
635 4020 697 4070 turn
718 4015 830 4084 insigne
852 4013 967 4069 videtur
989 4014 1088 4070 inisse.
1136 4013 1196 4072 44446
1220 4018 1351 4089 exempla
1373 4018 1519 4076 habentur

173 4134 202 4173 n.
225 4123 261 4175 46
296 4132 363 4174 6646
393 4129 469 4184 664,
502 4133 532 4172 6.
553 4121 592 4176 46
625 4132 693 4173 6646
723 4129 777 4171 teo
800 4129 858 4184 rw,
891 4132 922 4171 6.
943 4115 976 4172 44
1011 4131 1079 4172 cum
1109 4119 1163 4173 alia
1194 4119 1319 4190 quadam
1349 4120 1451 4191 figura.
1475 4151 1519 4161 —

172 4221 293 4276 4646466
321 4233 380 4275 666
410 4223 490 4275 66646
519 4219 691 4289 explicatam
721 4234 786 4275 esse
810 4232 873 4274 eam
896 4217 1017 4288 figuram
1040 4218 1098 4274 dixi
1121 4221 1157 4276 ad
1179 4237 1209 4277 6.
1229 4227 1277 4277 46.
1306 4225 1360 4292 44;
1394 4223 1519 4279 Delficus

171 4323 258 4378 talem
280 4323 311 4377 in
340 4336 393 4377 sua
415 4320 520 4391 glande
544 4337 609 4378 esse
635 4323 674 4377 ait
694 4337 772 4378 come
793 4337 823 4377 se
852 4338 910 4376 una
939 4321 1027 4376 corda
1056 4323 1273 4379 incruciccbiata
1304 4323 1332 4378 la
1354 4326 1514 4396 6444666666,

172 4439 247 4495 quae
274 4431 373 4479 tamen
401 4424 496 4493 aptius
527 4423 564 4479 de
585 4424 720 4496 sequenti
741 4422 800 4477 dici
821 4429 954 4493 possunt.
978 4451 1022 4461 -
1045 4423 1220 4480 Garruccius
1243 4424 1314 4496 Syll.
1339 4425 1428 4482 adn.
1457 4432 1516 4483 969

172 4541 230 4582 non
251 4527 425 4596 pugionem,
463 4526 516 4581 sed
546 4533 579 4584 64
607 4529 638 4583 46
669 4527 732 4582 64446
758 4525 902 4582 4664644466
929 4523 1081 4581 4664466646
1112 4541 1176 4582 6666
1200 4533 1309 4595 666664,
1337 4529 1518 4585 6664666666

174 4644 240 4685 6646
264 4645 293 4684 6.
314 4633 365 4684 39.

172 4791 215 4858 39
234 4793 286 4874 [=
302 4800 389 4872 Corp.
405 4800 445 4854 lx
461 4816 490 4856 6.
508 4805 600 4869 6686,
616 4792 716 4874 xxxix]
752 4793 791 4872 [in
806 4814 909 4856 museo
925 4799 1114 4871 Neapolitano
1130 4816 1160 4856 6.
1178 4803 1216 4856 44
1229 4821 1271 4846 =
1285 4795 1372 4876 4364.
1412 4800 1520 4856 Pendet

217 4905 291 4970 66,6
316 4917 361 4972 36.
409 4902 505 4973 Longa
528 4908 572 4958 est
594 4905 702 4972 6,643,
729 4916 827 4956 crassa
852 4905 942 4968 6,644
973 4907 1002 4956 64
1025 4905 1121 4969 6,644
1146 4917 1184 4956 m.

172 5257 307 5315 466444
334 5263 384 5315 46.
424 5258 499 5314 44444.
529 5286 573 5296 -
599 5257 727 5314 Similem
757 5256 875 5314 exhibet
905 5257 1017 5328 Lipsius
1048 5257 1200 5314 Poliorcet.
1239 5262 1317 5316 4666
1341 5258 1376 5313 44
1401 5262 1416 5314 3
1444 5266 1519 5314 6446.

174 5361 259 5433 ligi
290 5355 357 5436 (hnc
388 5363 416 5416 ni
446 5360 530 5418 lallor
558 5362 763 5432 potiusquam
787 5360 823 5415 ad
846 5377 876 5416 6.
897 5364 935 5417 38
959 5353 1167 5436 referendam).
1216 5361 1305 5418 Glans
1327 5377 1379 5418 sex
1401 5363 1521 5434 angulos
