3922 6240
447 565 494 637 46
951 586 1109 641 4444444444
1128 587 1284 641 44444444.

681 773 744 823 ltin.
760 773 815 822 tab.
831 775 853 822 ll
1157 781 1229 844 apud
1248 795 1298 833 nos

496 905 527 949 ⁵³
600 913 641 954 aa
686 875 784 954 44444)
821 875 1042 968 ’ίζῧῖζῒῃξῗξῆ,ῗ,ῗ“
1199 906 1270 963 444
1302 910 1341 950 aar
1357 909 1407 951 viae

496 990 528 1036 44
599 999 661 1040 4·44
1200 1003 1229 1048 44
1301 1010 1389 1051 4·4444

498 1078 528 1123 ss
605 1084 733 1126 :nec-xl
1181 1091 1225 1136 444
1301 1095 1410 1139 444444

496 1164 527 1208 44
601 1169 662 1212 cxu
1199 1179 1270 1235 44,4
1301 1181 1376 1224 444444

496 1249 524 1294 44
601 1236 751 1316 avalena
1179 1263 1228 1309 445
1301 1269 1385 1310 r·xv

496 1335 527 1379 44
600 1325 1091 1402 L.Moeaiuslpr.l.rr111rinvillto
1179 1349 1227 1394 444
1298 1351 1531 1404 rectioniaampoeue

496 1422 528 1466 65
602 1428 689 1469 444444
1179 1435 1268 1491 444,4
1300 1442 1390 1484 luxu

496 1507 527 1552 44
600 1513 720 1555 444444
1194 1520 1235 1580 44,
1252 1522 1266 1565 4
1287 1517 1418 1582 ’44444ν

497 1590 527 1636 44
600 1599 741 1641 saraim
1195 1607 1266 1668 44,4
1298 1614 1444 1657 sannen

494 1678 525 1723 44
597 1685 719 1727 saruc
1393 1702 1442 1742 ..44

495 1764 523 1808 44
597 1772 649 1812 rar
669 1749 674 1834 Ι
694 1770 783 1814 rona
990 1835 995 1846 ¹
1212 1780 1236 1838 4,
1253 1781 1284 1828 44
1299 1786 1363 1827 saar
1385 1767 1396 1849 Ι
1419 1787 1503 1831 ronr

495 1859 525 1904 44
602 1855 845 1908 rauel-boricius
865 1851 948 1919 144444
968 1834 1088 1934 uffa.
1178 1865 1226 1911 444
1298 1872 1605 1918 c·raanrc1vsrac1r

495 1955 526 1999 44
599 1960 645 2000 444
1211 1953 1266 2011 744
1297 1958 1343 2000 4114

494 2040 521 2085 44
597 2044 685 2088 risolv
1211 2038 1282 2095 4‚27

495 2125 525 2171 43
598 2117 665 2172 4444
687 2111 699 2191 l(
721 2130 782 2174 cos
1210 2111 1234 2184 ⁴¹,
1250 2127 1281 2171 ²⁰

442 2233 541 2282 llinicii
560 2233 610 2281 has
627 2232 757 2281 lectiones
776 2228 858 2279 falsas
875 2231 932 2280 suis
951 2230 1019 2282 locis
1037 2233 1163 2284 refutavi.
1204 2234 1245 2284 Ad
1265 2232 1403 2283 falsarium
1423 2233 1571 2284 nolendum
1590 2235 1789 2287 consideranda

442 2320 550 2382 praeter
567 2320 656 2367 cetera
678 2316 801 2380 exempla
821 2320 883 2367 sunt
896 2316 975 2368 baec:
998 2321 1025 2369 in
1044 2320 1140 2382 glande
1154 2319 1338 2370 Dodvvelliana
1358 2319 1445 2368 musei
1459 2319 1628 2370 Monacensis
1644 2321 1726 2386 (apud
1740 2335 1789 2373 nos

440 2420 467 2456 n.
484 2405 555 2467 4,44)
577 2403 651 2468 quod
669 2407 712 2452 est
735 2393 915 2480 wllssssws,
944 2406 1013 2456 male
1032 2405 1174 2469 catalogus
1192 2405 1396 2456 Dodwellianns
1416 2409 1480 2455 4447
1500 2419 1527 2469 p.
1547 2409 1578 2454 44
1606 2409 1646 2459 444
1673 2419 1786 2460 bru-s

439 2492 612 2554 exhibuerat;
643 2504 676 2540 ex
694 2491 746 2540 hoc
766 2495 845 2556 peius
869 2495 908 2544 sic
930 2490 999 2546 4444
1021 2491 1144 2556 repetivit
1163 2492 1288 2542 Minicius
1313 2490 1368 2541 tab.
1384 2492 1408 2541 li
1427 2505 1455 2540 n.
1474 2495 1514 2552 44,
1543 2491 1625 2557 idque
1648 2498 1786 2557 postremo

439 2579 564 2629 falsarius
589 2577 704 2627 recudit.
738 2579 821 2628 Porro
844 2580 949 2644 glandis
977 2578 1064 2628 musei
1091 2577 1212 2628 Perusini
1237 2578 1272 2640 (n.
1295 2581 1337 2638 44,
1359 2578 1383 2640 4)
1410 2579 1614 2643 inscriptionem
1642 2580 1786 2632 evanidam

440 2667 564 2717 Minicius
583 2677 609 2712 n.
626 2667 656 2712 44
677 2664 712 2714 ita
731 2665 901 2730 exhibuerat,
921 2669 952 2716 ut
972 2665 1081 2716 deiectu
1099 2665 1126 2713 in
1146 2663 1239 2714 tabula
1259 2677 1313 2714 non
1328 2665 1448 2715 indicato
1462 2664 1564 2716 litteras
1582 2669 1686 2716 tanturn
1705 2667 1787 2718 modo

438 2752 579 2816 quasdam,
595 2763 662 2814 quas
675 2752 764 2814 primo
777 2751 874 2802 obtutu
888 2764 1035 2816 agnoscere
1047 2751 1146 2816 possis,
1162 2763 1213 2800 nec
1227 2755 1317 2800 tamen
1330 2753 1403 2800 recte
1415 2749 1591 2815 depingeret:
1611 2754 1665 2802 iam
1678 2765 1743 2804 vero
1757 2755 1784 2804 in

438 2837 539 2889 falsarii
557 2835 689 2899 exemplis
706 2837 774 2886 haec
791 2836 906 2889 frustula
925 2837 1109 2901 inscriptionis
1127 2836 1200 2887 clare
1226 2849 1321 2886 recusa
1340 2839 1445 2887 exstant
1463 2839 1491 2887 in
1509 2836 1655 2900 glandibus
1673 2841 1785 2890 omnino

437 2937 491 2974 uon
514 2922 619 2974 detritis
643 2921 692 2971 sed
716 2923 910 2986 integerrimis,
947 2937 1003 2989 quo
1028 2922 1148 2983 accedit,
1179 2922 1253 2987 quod
1279 2922 1346 2973 haec
1371 2921 1483 2974 frustula
1511 2924 1657 2976 maximam
1682 2929 1784 2990 partem

440 3012 526 3060 malae
552 3009 658 3058 lectioni
678 3007 821 3068 debentur,
850 3023 911 3059 nam
936 3022 989 3059 non
1019 3020 1061 3062 Gn
1084 2997 1167 3066 44444
1186 3010 1213 3059 in
1235 3007 1331 3072 glande
1349 3013 1390 3060 est
1408 3009 1457 3059 sed
1485 3019 1625 3063 cassasti
1657 3015 1683 3063 et
1701 3024 1784 3074 snpra

438 3097 585 3162 scriptum:
607 3082 698 3147 Fsffix.

1318 2090 1504 2133 t·rrso·c·r
1525 2071 1537 2150 )
1558 2090 1618 2133 cos

507 3207 531 3268 4)
558 3207 691 3256 Falsarius
715 3207 903 3270 inscriptiones
925 3207 1035 3257 aliunde
1060 3208 1139 3257 notas
1162 3220 1211 3272 per
1235 3206 1384 3257 ludibrium
1409 3206 1451 3256 vel
1475 3219 1596 3258 errorem
1621 3208 1784 3272 immutavit,

437 3295 515 3344 cuins
533 3292 640 3354 generis
658 3294 721 3341 sunt
739 3295 847 3355 praeter
864 3295 968 3343 coleras
987 3293 1050 3343 bae:

591 3376 641 3438 sert
655 3389 718 3438 rom
735 3381 762 3426 et
779 3376 830 3438 sorr
846 3390 905 3440 ram
924 3379 983 3442 (vro
1000 3375 1171 3446 4444144444)

591 3468 643 3515 tmr
661 3462 719 3526 (pro
737 3467 803 3512 tomr
822 3461 888 3513 laiso
907 3467 935 3512 et
953 3463 1019 3528 ipso)

591 3557 794 3601 4-4440444244444
817 3545 884 3610 (tili,
906 3553 951 3598 444
975 3563 1035 3613 sqq.
1057 3551 1105 3600 toa
1120 3549 1190 3613 sqq.)
1217 3551 1244 3598 44
1266 3561 1284 3601 κ
1306 3559 1414 3601 ΛΛτοΝ
1435 3537 1439 3624 Ι
1461 3559 1552 3604 cnlivl
1574 3547 1644 3612 (Μ’,
1665 3555 1714 3602 544
1728 3553 1781 3618 sq.)

642 3647 692 3698 pro
715 3647 733 3686 4
748 3644 860 3688 aaron
876 3644 978 3694 4444444

591 3730 783 3775 ccnvsnavs
803 3719 861 3779 444,
877 3724 907 3769 44
931 3721 989 3784 (pro
1007 3732 1026 3775 c
1042 3711 1210 3792 carrsnavs)

590 3806 691 3857 ΔΛΞΑΙ
714 3807 771 3870 (pro
789 3807 888 3857 ΔΕΞΑΙ
907 3807 1013 3869 glandis
1032 3807 1210 3863 Atheniensis]

589 3889 711 3956 optericoi
729 3896 756 3941 ot
773 3895 898 3954 opiter
913 3895 940 3943 et
958 3893 1003 3956 (ed
1016 3891 1180 3957 Desjardinii
1191 3892 1339 3942 lectionem
1352 3893 1505 3956 spuriarum
1518 3891 1627 3954 talsam;
1649 3893 1683 3946 ci.
1698 3910 1725 3961 p.
1736 3899 1778 3960 44)

641 3990 734 4038 operor
753 3979 812 4042 (pro
830 3983 950 4042 opterpo,
971 3979 1034 4030 vide
1053 3993 1079 4030 n.
1096 3981 1137 4040 44)

588 4074 607 4117 c
635 4074 705 4116 444444
734 4052 920 4140 4444144444
950 4067 977 4116 et
1004 4079 1030 4129 q.
1054 4079 1077 4116 s.
1105 4064 1259 4115 secundum
1287 4063 1390 4114 Minicii
1416 4065 1560 4126 imaginem
1590 4078 1617 4117 44.
1640 4068 1688 4129 44,
1717 4081 1780 4120 mox

641 4160 660 4203 c
676 4160 813 4203 4441444444
833 4150 867 4201 ad
887 4151 1051 4216 Desjardinii
1070 4152 1215 4202 lectionem
1235 4151 1391 4216 spuriarum
1410 4149 1504 4201 falsam
1523 4165 1572 4215 pro
1591 4143 1778 4229 n·a·ca4.vui

640 4246 750 4289 svavia
774 4239 809 4300 (n.
825 4240 865 4302 44)

589 4310 713 4384 lusciosis
733 4320 792 4382 o4*,
808 4326 856 4373 444
881 4323 917 4373 ad
935 4322 1098 4387 Dssjardinii
1123 4322 1270 4372 lectionem
1290 4322 1399 4386 spuriae
1421 4336 1446 4373 44.
1464 4317 1522 4381 w,
1538 4325 1587 4372 444
1612 4321 1706 4375 lateam
1729 4338 1779 4389 pro

641 4417 791 4460 avenasia
812 4407 849 4470 (n.
864 4407 916 4469 44).

502 4501 528 4564 4)
547 4501 699 4553 Nonnullae
717 4502 907 4567 inscriptiones
925 4499 1051 4552 falsarius
1064 4514 1095 4551 ex
1108 4501 1233 4564 genuinis
1253 4499 1396 4564 glandibus
1412 4503 1499 4550 musei
1517 4502 1644 4554 Asculani
1662 4505 1777 4570 repetiit,

434 4589 503 4638 inter
521 4601 590 4652 quas
609 4588 659 4637 baa
677 4586 792 4636 suntab
812 4601 843 4637 eo
862 4588 932 4637 male
950 4587 1050 4638 lectae:

588 4695 662 4741 444444
680 4687 730 4752 (vel
750 4690 816 4751 tueri
836 4695 947 4740 4444444444
965 4693 992 4740 et
1010 4703 1037 4752 q.
1051 4702 1074 4739 s.
1098 4688 1168 4750 (vide
1188 4703 1216 4740 n.
1230 4693 1262 4739 44
1277 4689 1327 4754 sq.)

587 4789 671 4825 4444444
688 4777 761 4836 copis
778 4775 848 4825 molo
868 4775 939 4838 (vide
957 4789 983 4826 n.
999 4778 1040 4838 44)

584 4865 662 4918 trina
687 4863 756 4924 (vide
775 4875 803 4912 n.
819 4863 872 4922 44).

500 4975 524 5036 4)
546 4974 741 5036 inscriptiones
758 4973 857 5023 multas
870 4985 920 5023 suo
933 4973 1016 5023 Marte
1034 4971 1166 5023 confinxit
1182 4970 1318 5034 falsarius,
1339 4977 1481 5037 postquam
1499 4971 1630 5024 audacior
1647 4972 1734 5026 lactus
1752 4977 1779 5026 et

431 5071 446 5107 a
465 5059 546 5109 sociis
565 5059 684 5110 monitus
702 5062 756 5123 est,
782 5071 817 5109 ne
836 5058 930 5110 eadem
955 5060 1052 5109 totiens
1071 5056 1220 5123 repetendo
1240 5057 1408 5123 emptoribus
1426 5057 1565 5110 fastidium
1584 5064 1701 5125 pareret.
1738 5059 1779 5110 Ex

432 5143 537 5196 infinita
555 5143 611 5196 lere
629 5159 724 5196 aarum
743 5146 819 5209 copia
833 5146 898 5197 satis
910 5148 952 5194 est
968 5157 1065 5208 genera
1078 5143 1213 5208 quaedam
1228 5145 1415 5209 composuisse
1435 5144 1516 5196 baec:

537 5233 562 5292 α)
591 5231 783 5296 inscriptiones
803 5243 976 5281 nummorum
1004 5243 1067 5281 cum
1088 5231 1149 5280 Osci
1178 5230 1293 5294 (Paapii)
1318 5233 1377 5280 tum
1396 5231 1593 5293 Romanorum,
1616 5243 1684 5295 quas
1709 5229 1779 5281 inira

431 5317 572 5379 composui
595 5315 637 5378 (ci.
659 5317 819 5368 llonotster.
844 5320 909 5366 4474
928 5330 955 5381 p.
971 5320 1001 5365 44
1015 5317 1100 5380 sqq.):
