3922 6240
436 539 484 608 40
917 551 1075 600 eunucus
1094 551 1298 602 ascvnaunu

434 749 509 804 Vera
531 753 575 803 est
597 752 645 802 aut
667 762 700 802 ea
724 761 812 815 quam
836 747 909 816 ipse,
934 752 995 801 tum
1018 746 1137 816 quidem
1159 754 1276 818 praeter
1299 750 1451 818 imaginem
1474 751 1654 805 lliuicianam
1678 751 1780 806 iisdem

434 851 664 907 Vincenzinianis
686 864 766 916 usus,
794 850 910 920 repperi
938 844 984 923 (ci.
1012 849 1046 904 ad
1072 844 1129 906 rt*
1146 866 1184 908 101
1201 846 1279 926 sq.):

898 986 1040 1042 oriniaco
1063 987 1083 1041 i.
1110 1001 1138 1042 e.
1166 986 1199 1043 ob
1223 995 1302 1060 terpo

433 1147 453 1200 i.
481 1160 506 1199 e.
535 1143 582 1208 od,
609 1145 639 1197 in
661 1149 796 1213 44434-
811 1141 849 1195 44.
875 1142 959 1196 Ennii
985 1133 1072 1216 {apud
1089 1143 1204 1197 Festum
1220 1158 1249 1213 p.
1274 1147 1330 1200 478
1348 1164 1390 1188 =
1406 1143 1517 1199 Vahlen
1538 1162 1567 1216 p.
1589 1149 1626 1201 44
1651 1153 1680 1201 et
1705 1141 1774 1218 475)

435 1246 469 1304 ob
498 1247 617 1302 Romam
644 1245 766 1315 tectonas
787 1245 888 1299 ducem
911 1251 939 1299 et
962 1242 996 1299 ob
1027 1245 1139 1300 Troiam
1171 1246 1268 1312 ducit,
1310 1248 1410 1316 tragici
1433 1248 1537 1302 incerti
1565 1243 1704 1322 (Ribbeck
1727 1248 1774 1305 ed.

436 1354 451 1408 2
477 1365 507 1420 p.
528 1340 599 1422 248)
628 1345 661 1401 oo
690 1364 720 1402 os
750 1363 802 1403 oro
833 1345 1014 1403 obvertebant
1035 1364 1098 1413 aua,
1125 1347 1214 1403 Plauti
1241 1348 1301 1403 mil.
1329 1353 1357 1415 2,
1382 1353 1407 1419 4,
1429 1353 1467 1407 70
1489 1343 1572 1425 (tls)
1597 1351 1779 1422 glaucumam

435 1451 468 1508 ob
492 1451 589 1509 oculos
611 1448 777 1519 4444444404,-
811 1450 969 1520 composita
993 1448 1110 1519 obdere,
1144 1450 1198 1505 alia
1221 1481 1279 1517 -,
1306 1449 1356 1506 ubi
1379 1458 1475 1507 tamen
1498 1455 1603 1509 mirum
1626 1461 1670 1509 est
1693 1471 1727 1527 op
1749 1455 1778 1509 in

433 1562 556 1626 utraque
581 1555 768 1624 inscriptione
796 1549 835 1626 (n.
857 1557 894 1609 30
920 1560 949 1608 et
972 1546 1021 1628 34)
1049 1568 1102 1624 pro
1125 1551 1159 1609 ob
1183 1555 1323 1624 positum;
1354 1560 1419 1621 aut,
1450 1557 1475 1610 si
1498 1555 1618 1628 lineola,
1651 1573 1727 1628 quae
1751 1559 1779 1613 iu

432 1675 463 1715 n.
484 1663 533 1726 30,
554 1673 565 1712 4
589 1657 754 1728 clariusque
777 1659 807 1711 iu
830 1673 842 1713 o
865 1656 995 1722 accessit,
1023 1671 1081 1713 uon
1104 1662 1148 1712 est
1170 1672 1241 1712 casu
1263 1655 1370 1724 addita,

1022 1791 1173 1848 orfanum

432 1933 492 1989 lloc
523 1935 547 1987 si
577 1931 744 2002 probamus,
778 1931 808 1985 iu
838 1931 943 1987 ceteris
972 1931 1188 2002 exemplaribus
1217 1931 1402 1987 statuendum
1436 1933 1490 1986 erit
1513 1932 1643 1988 ultimam
1673 1933 1779 1989 lineam

431 2037 553 2093 fusionis
583 2034 698 2089 deiectu
725 2049 783 2090 nou
811 2035 982 2101 provenisse
1012 2034 1140 2103 elisaque
1165 2049 1172 2088 4
1201 2036 1341 2103 scriptum
1372 2049 1436 2089 esse
1460 2051 1513 2104 pro
1541 2048 1715 2108 ornarem,
1746 2042 1778 2092 ut

431 2140 512 2210 glans
534 2153 601 2194 eum
624 2138 802 2194 llommseno
825 2136 968 2192 reseratur
990 2135 1027 2192 ad
1050 2134 1242 2206 Opiterginos,
1269 2137 1431 2194 funditores
1453 2139 1566 2207 opinor.

430 2403 472 2470 31
489 2404 543 2487 [=
558 2411 643 2480 Corp.
664 2411 703 2465 lx
726 2425 755 2464 n.
777 2414 869 2479 6086,
889 2401 970 2484 xxxi]
1011 2403 1059 2484 [ab
1082 2410 1246 2466 Lazzarinio
1272 2411 1424 2479 acquisivit
1447 2425 1579 2466 museum
1601 2409 1776 2468 Asculauum

475 2531 502 2570 a.
524 2518 603 2573 4872
629 2530 659 2569 n.
682 2506 788 2587 4488].
835 2512 944 2568 Pendet
968 2518 1005 2569 60
1029 2528 1073 2582 34.

1060 2673 1143 2770 oure]

429 2891 587 2958 Descripsi.
637 2890 714 2947 Pone
736 2903 753 2944 u
774 2903 842 2960 pars
863 2890 966 2959 periit,
1001 2888 1123 2945 tortasse
1152 2888 1244 2944 cultro
1274 2888 1401 2945 desecta.
1449 2889 1538 2946 Unica
1568 2897 1628 2958 est,
1661 2891 1692 2945 in
1718 2905 1775 2960 qua

429 2992 578 3063 inscriptio
601 3007 630 3047 n.
659 2996 696 3048 30
720 2991 823 3046 litteris
845 3005 881 3046 τε
903 3007 962 3049 uon
983 2991 1077 3062 ligatis
1099 2990 1263 3047 exhibetur.

430 3257 474 3325 32
489 3259 541 3342 [=
558 3265 644 3337 Corp.
663 3266 704 3321 IX
726 3282 756 3321 n.
778 3268 870 3334 6086,
890 3259 982 3340 xxxu]
1022 3270 1031 3321 4
1059 3282 1122 3336 rep.
1142 3267 1171 3320 in
1186 3264 1348 3322 Castellano
1370 3264 1425 3322 sub
1449 3264 1548 3336 oppidi
1572 3267 1661 3321 muris
1683 3281 1774 3337 prope

515 3375 632 3441 pontem
660 3384 690 3439 q.
710 3368 740 3422 d.
756 3368 890 3424 ‚oartara
917 3385 933 3424 a
962 3369 1128 3425 Baithasarc
1157 3367 1282 3423 Saladini
1316 3361 1422 3442 [empta
1451 3385 1467 3422 a
1498 3383 1599 3424 museo
1629 3369 1774 3426 Asculano

519 3461 651 3547 tttlol'lt
681 3487 710 3527 n.
733 3464 840 3546 4060].
887 3471 997 3527 Pendet
1021 3477 1058 3528 63
1083 3488 1127 3543 34.
1174 3470 1276 3527 Colore
1299 3476 1343 3525 est
1366 3463 1529 3526 cineraceo'.

473 3597 489 3650 2
517 3586 557 3665 [iu
579 3605 681 3648 museo
704 3591 892 3649 llircheriauo
914 3607 944 3647 n.
973 3585 1059 3668 tlsl.

474 3715 489 3767 3
515 3728 577 3782 rep.
603 3712 633 3766 iu
656 3710 816 3768 Castellano
843 3705 884 3786 [in
905 3726 1006 3768 museo
1028 3709 1172 3767 Asculano
1191 3703 1328 3784 torisia
1353 3725 1382 3764 n.
1405 3702 1511 3782 4324].
1548 3710 1656 3766 Pendet
1673 3715 1710 3768 64
1728 3727 1772 3782 34.

429 5069 460 5119 t:
486 5061 558 5120 Tah.
571 5065 621 5120 Vll
639 5070 667 5122 2.
715 5066 863 5138 Descripsi
885 5072 917 5122 ut
938 5080 1039 5138 supra.

427 5169 462 5223 2:
488 5166 558 5223 Tab.
573 5166 621 5222 Vll
638 5171 666 5224 3.
713 5170 861 5240 Descripsi
882 5175 915 5224 ut
937 5183 1036 5239 supra.
1058 5167 1154 5223 -Ex
1175 5166 1282 5223 llinicii
1304 5163 1471 5236 apographo
1488 5163 1615 5221 Fabrctti
1637 5163 1724 5235 Corp.
1743 5165 1766 5220 l.

468 5269 502 5323 lt.
528 5285 558 5324 n.
579 5272 660 5327 2640
684 5277 713 5327 ot
734 5271 795 5328 tab.
814 5271 912 5340 XL1V;
947 5271 1085 5326 Garrucci
1108 5267 1178 5342 Syll.
1199 5273 1276 5338 9703
1312 5269 1455 5341 lluggiero
1477 5267 1538 5324 Cat.
1557 5283 1586 5322 n.
1607 5269 1686 5334 248,
1719 5269 1771 5336 qui
