<?xml version="1.0" encoding="UTF-8"?>
<!DOCTYPE html PUBLIC "-//W3C//DTD XHTML 1.0 Transitional//EN"
    "http://www.w3.org/TR/xhtml1/DTD/xhtml1-transitional.dtd">
<html xmlns="http://www.w3.org/1999/xhtml" xml:lang="en" lang="en">
 <head>
  <title>
</title>
<meta http-equiv="Content-Type" content="text/html;charset=utf-8" />
  <meta name='ocr-system' content='tesseract 3.04.00' />
  <meta name='ocr-capabilities' content='ocr_page ocr_carea ocr_par ocr_line ocrx_word'/>
</head>
<body>
  <div class='ocr_page' id='page_1' title='image "./ephemerisepigra18instgoog_0078.png"; bbox 0 0 3922 6240; ppageno 0'>
   <div class='ocr_carea' id='block_1_1' title="bbox 620 613 1495 690">
    <p class='ocr_par' dir='ltr' id='par_1_1' title="bbox 620 613 1495 690">
     <span class='ocr_line' id='line_1_1' title="bbox 620 613 1495 690; baseline 0.008 -12"><span class='ocrx_word' id='word_1_1' title='bbox 620 631 662 679; x_wconf 84' lang='lat' dir='ltr'><strong>nr</strong></span> <span class='ocrx_word' id='word_1_2' title='bbox 681 631 852 690; x_wconf 78' lang='lat' dir='ltr'><strong>unnrovan</strong></span> <span class='ocrx_word' id='word_1_3' title='bbox 870 629 1027 680; x_wconf 77' lang='lat' dir='ltr'><strong>Pronuan.</strong></span> <span class='ocrx_word' id='word_1_4' title='bbox 1448 613 1495 685; x_wconf 85' lang='lat'><strong>23</strong></span> 
     </span>
    </p>
   </div>
   <div class='ocr_carea' id='block_1_2' title="bbox 155 819 1498 1108">
    <p class='ocr_par' dir='ltr' id='par_1_2' title="bbox 155 819 1498 1108">
     <span class='ocr_line' id='line_1_2' title="bbox 155 819 1498 904; baseline -0.006 -19"><span class='ocrx_word' id='word_1_5' title='bbox 155 819 198 885; x_wconf 84' lang='grc'><strong>11)</strong></span> <span class='ocrx_word' id='word_1_6' title='bbox 212 821 311 904; x_wconf 86' lang='lat' dir='ltr'><strong>[Corp.</strong></span> <span class='ocrx_word' id='word_1_7' title='bbox 329 827 370 882; x_wconf 86' lang='lat' dir='ltr'><strong>IX</strong></span> <span class='ocrx_word' id='word_1_8' title='bbox 392 843 421 882; x_wconf 91' lang='lat' dir='ltr'><strong>n.</strong></span> <span class='ocrx_word' id='word_1_9' title='bbox 444 831 537 896; x_wconf 80' lang='lat'><strong>6086,</strong></span> <span class='ocrx_word' id='word_1_10' title='bbox 556 821 586 902; x_wconf 83' lang='lat' dir='ltr'><strong>x]</strong></span> <span class='ocrx_word' id='word_1_11' title='bbox 627 825 724 883; x_wconf 76' lang='lat' dir='ltr'><strong>Asculi</strong></span> <span class='ocrx_word' id='word_1_12' title='bbox 752 828 782 881; x_wconf 91' lang='lat' dir='ltr'><strong>in</strong></span> <span class='ocrx_word' id='word_1_13' title='bbox 811 827 894 881; x_wconf 89' lang='lat' dir='ltr'><strong>alveo</strong></span> <span class='ocrx_word' id='word_1_14' title='bbox 917 825 1069 882; x_wconf 87' lang='lat' dir='ltr'><strong>Castellani</strong></span> <span class='ocrx_word' id='word_1_15' title='bbox 1090 841 1155 894; x_wconf 89' lang='lat' dir='ltr'><strong>rep.</strong></span> <span class='ocrx_word' id='word_1_16' title='bbox 1177 829 1213 881; x_wconf 83' lang='lat' dir='ltr'><strong>to</strong></span> <span class='ocrx_word' id='word_1_17' title='bbox 1238 824 1317 893; x_wconf 85' lang='lat' dir='ltr'>Sept.</span> <span class='ocrx_word' id='word_1_18' title='bbox 1341 827 1421 880; x_wconf 73' lang='lat'><strong>{877</strong></span> <span class='ocrx_word' id='word_1_19' title='bbox 1451 837 1498 878; x_wconf 89' lang='lat' dir='ltr'><strong>me</strong></span> 
     </span>
     <span class='ocr_line' id='line_1_3' title="bbox 197 921 1497 1004; baseline -0.005 -18"><span class='ocrx_word' id='word_1_20' title='bbox 197 937 225 986; x_wconf 88' lang='lat' dir='ltr'><strong>et</strong></span> <span class='ocrx_word' id='word_1_21' title='bbox 248 931 321 987; x_wconf 89' lang='lat' dir='ltr'><strong>lulio</strong></span> <span class='ocrx_word' id='word_1_22' title='bbox 344 929 501 988; x_wconf 86' lang='lat' dir='ltr'><strong>Gabriellio</strong></span> <span class='ocrx_word' id='word_1_23' title='bbox 523 929 705 986; x_wconf 78' lang='lat' dir='ltr'><strong>adstantibus</strong></span> <span class='ocrx_word' id='word_1_24' title='bbox 737 921 825 1004; x_wconf 76' lang='lat' dir='ltr'><strong>[nunc</strong></span> <span class='ocrx_word' id='word_1_25' title='bbox 848 928 997 1000; x_wconf 90' lang='lat' dir='ltr'><strong>municipii</strong></span> <span class='ocrx_word' id='word_1_26' title='bbox 1020 926 1157 984; x_wconf 79' lang='lat' dir='ltr'><strong>Asculani</strong></span> <span class='ocrx_word' id='word_1_27' title='bbox 1178 926 1321 983; x_wconf 90' lang='lat' dir='ltr'><strong>beneficio</strong></span> <span class='ocrx_word' id='word_1_28' title='bbox 1343 931 1373 982; x_wconf 90' lang='lat' dir='ltr'><strong>in</strong></span> <span class='ocrx_word' id='word_1_29' title='bbox 1395 940 1497 980; x_wconf 89' lang='lat' dir='ltr'><strong>museo</strong></span> 
     </span>
     <span class='ocr_line' id='line_1_4' title="bbox 197 1027 844 1108; baseline -0.002 -21"><span class='ocrx_word' id='word_1_30' title='bbox 197 1033 377 1090; x_wconf 86' lang='lat' dir='ltr'><strong>Berolinensi</strong></span> <span class='ocrx_word' id='word_1_31' title='bbox 398 1049 430 1090; x_wconf 94' lang='lat' dir='ltr'><strong>n.</strong></span> <span class='ocrx_word' id='word_1_32' title='bbox 450 1027 557 1108; x_wconf 57' lang='lat'><strong>7327}</strong></span> <span class='ocrx_word' id='word_1_33' title='bbox 605 1033 714 1090; x_wconf 89' lang='lat' dir='ltr'><strong>Pendet</strong></span> <span class='ocrx_word' id='word_1_34' title='bbox 738 1037 776 1089; x_wconf 85' lang='grc'><strong>39</strong></span> <span class='ocrx_word' id='word_1_35' title='bbox 800 1046 844 1101; x_wconf 86' lang='lat' dir='ltr'><strong>gr.</strong></span> 
     </span>
    </p>
   </div>
   <div class='ocr_carea' id='block_1_3' title="bbox 156 3013 1499 3090">
    <p class='ocr_par' dir='ltr' id='par_1_3' title="bbox 156 3013 1499 3090">
     <span class='ocr_line' id='line_1_5' title="bbox 156 3013 1499 3090; baseline -0.002 -15"><span class='ocrx_word' id='word_1_36' title='bbox 156 3019 228 3078; x_wconf 81' lang='lat' dir='ltr'><strong>rab.</strong></span> <span class='ocrx_word' id='word_1_37' title='bbox 243 3021 266 3074; x_wconf 84' lang='lat' dir='ltr'>V</span> <span class='ocrx_word' id='word_1_38' title='bbox 284 3023 312 3077; x_wconf 90' lang='grc'><strong>1.</strong></span> <span class='ocrx_word' id='word_1_39' title='bbox 359 3017 506 3090; x_wconf 88' lang='lat' dir='ltr'><strong>Descripsi</strong></span> <span class='ocrx_word' id='word_1_40' title='bbox 537 3023 565 3072; x_wconf 89' lang='lat' dir='ltr'><strong>et</strong></span> <span class='ocrx_word' id='word_1_41' title='bbox 593 3031 680 3087; x_wconf 89' lang='lat' dir='ltr'><strong>supra</strong></span> <span class='ocrx_word' id='word_1_42' title='bbox 711 3015 866 3070; x_wconf 83' lang='lat' dir='ltr'><strong>delineari.</strong></span> <span class='ocrx_word' id='word_1_43' title='bbox 914 3013 1088 3072; x_wconf 86' lang='lat' dir='ltr'><strong>Gabriellius</strong></span> <span class='ocrx_word' id='word_1_44' title='bbox 1117 3020 1146 3072; x_wconf 91' lang='lat' dir='ltr'><strong>et</strong></span> <span class='ocrx_word' id='word_1_45' title='bbox 1176 3031 1229 3087; x_wconf 87' lang='lat' dir='ltr'><strong>ego</strong></span> <span class='ocrx_word' id='word_1_46' title='bbox 1257 3016 1400 3074; x_wconf 85' lang='lat' dir='ltr'><strong>edidimus</strong></span> <span class='ocrx_word' id='word_1_47' title='bbox 1422 3015 1499 3072; x_wconf 78' lang='lat' dir='ltr'><strong>Bou.</strong></span> 
     </span>
    </p>
   </div>
   <div class='ocr_carea' id='block_1_4' title="bbox 157 3123 562 3190">
    <p class='ocr_par' dir='ltr' id='par_1_4' title="bbox 157 3123 562 3190">
     <span class='ocr_line' id='line_1_6' title="bbox 157 3123 562 3190; baseline -0.01 -11"><span class='ocrx_word' id='word_1_48' title='bbox 157 3124 310 3180; x_wconf 74' lang='lat' dir='ltr'><strong>dell&#39;lust.</strong></span> <span class='ocrx_word' id='word_1_49' title='bbox 334 3126 412 3180; x_wconf 79' lang='grc'><strong>1877</strong></span> <span class='ocrx_word' id='word_1_50' title='bbox 437 3136 468 3190; x_wconf 87' lang='lat' dir='ltr'><strong>p.</strong></span> <span class='ocrx_word' id='word_1_51' title='bbox 491 3123 562 3176; x_wconf 78' lang='lat'><strong>⁴75.</strong></span> 
     </span>
    </p>
   </div>
   <div class='ocr_carea' id='block_1_5' title="bbox 156 3255 1507 4467">
    <p class='ocr_par' dir='ltr' id='par_1_5' title="bbox 156 3255 1507 4467">
     <span class='ocr_line' id='line_1_7' title="bbox 244 3255 1504 3330; baseline -0.003 -14"><span class='ocrx_word' id='word_1_52' title='bbox 244 3259 356 3316; x_wconf 81' lang='lat' dir='ltr'>Glande</span> <span class='ocrx_word' id='word_1_53' title='bbox 377 3273 473 3328; x_wconf 83' lang='lat' dir='ltr'><strong>nuper</strong></span> <span class='ocrx_word' id='word_1_54' title='bbox 488 3257 585 3314; x_wconf 89' lang='lat' dir='ltr'><strong>denuo</strong></span> <span class='ocrx_word' id='word_1_55' title='bbox 604 3255 691 3312; x_wconf 88' lang='lat' dir='ltr'><strong>etiam</strong></span> <span class='ocrx_word' id='word_1_56' title='bbox 706 3260 793 3325; x_wconf 89' lang='lat' dir='ltr'><strong>atque</strong></span> <span class='ocrx_word' id='word_1_57' title='bbox 816 3256 902 3310; x_wconf 90' lang='lat' dir='ltr'><strong>etiam</strong></span> <span class='ocrx_word' id='word_1_58' title='bbox 918 3258 1078 3312; x_wconf 85' lang='lat' dir='ltr'><strong>examinata</strong></span> <span class='ocrx_word' id='word_1_59' title='bbox 1100 3255 1255 3313; x_wconf 89' lang='lat' dir='ltr'><strong>lectionem</strong></span> <span class='ocrx_word' id='word_1_60' title='bbox 1276 3259 1393 3330; x_wconf 83' lang='lat' dir='ltr'><strong>repperi</strong></span> <span class='ocrx_word' id='word_1_61' title='bbox 1416 3273 1504 3327; x_wconf 82' lang='lat' dir='ltr'><strong>supra</strong></span> 
     </span>
     <span class='ocr_line' id='line_1_8' title="bbox 157 3359 1501 3434; baseline -0.001 -19"><span class='ocrx_word' id='word_1_62' title='bbox 157 3367 421 3434; x_wconf 67' lang='lat' dir='ltr'><strong>repraesentatam</strong></span> <span class='ocrx_word' id='word_1_63' title='bbox 450 3363 480 3416; x_wconf 92' lang='lat' dir='ltr'><strong>iu</strong></span> <span class='ocrx_word' id='word_1_64' title='bbox 503 3360 518 3416; x_wconf 85' lang='lat' dir='ltr'><strong><em>b</em></strong></span> <span class='ocrx_word' id='word_1_65' title='bbox 541 3361 633 3431; x_wconf 88' lang='lat' dir='ltr'><strong>prima</strong></span> <span class='ocrx_word' id='word_1_66' title='bbox 657 3365 685 3415; x_wconf 87' lang='lat' dir='ltr'><strong>et</strong></span> <span class='ocrx_word' id='word_1_67' title='bbox 707 3359 791 3414; x_wconf 91' lang='lat' dir='ltr'><strong>tertia</strong></span> <span class='ocrx_word' id='word_1_68' title='bbox 813 3359 919 3427; x_wconf 90' lang='lat' dir='ltr'><strong>littera,</strong></span> <span class='ocrx_word' id='word_1_69' title='bbox 945 3375 1020 3430; x_wconf 90' lang='lat' dir='ltr'><strong>quae</strong></span> <span class='ocrx_word' id='word_1_70' title='bbox 1037 3359 1129 3416; x_wconf 82' lang='lat' dir='ltr'><strong>torma</strong></span> <span class='ocrx_word' id='word_1_71' title='bbox 1145 3362 1259 3416; x_wconf 85' lang='lat' dir='ltr'><strong>cursiva</strong></span> <span class='ocrx_word' id='word_1_72' title='bbox 1274 3367 1342 3416; x_wconf 92' lang='lat' dir='ltr'><strong>sunt</strong></span> <span class='ocrx_word' id='word_1_73' title='bbox 1358 3365 1501 3427; x_wconf 82' lang='lat' dir='ltr'><strong>exaratae,</strong></span> 
     </span>
     <span class='ocr_line' id='line_1_9' title="bbox 157 3455 1505 3536; baseline -0.004 -14"><span class='ocrx_word' id='word_1_74' title='bbox 157 3466 310 3536; x_wconf 81' lang='lat' dir='ltr'><strong>ambiguae</strong></span> <span class='ocrx_word' id='word_1_75' title='bbox 332 3471 401 3520; x_wconf 89' lang='lat' dir='ltr'><strong>sunt</strong></span> <span class='ocrx_word' id='word_1_76' title='bbox 421 3464 564 3520; x_wconf 75' lang='lat' dir='ltr'><strong>lectionis</strong></span> <span class='ocrx_word' id='word_1_77' title='bbox 611 3462 691 3518; x_wconf 90' lang='lat' dir='ltr'><strong>Sicut</strong></span> <span class='ocrx_word' id='word_1_78' title='bbox 713 3463 742 3516; x_wconf 95' lang='lat' dir='ltr'><strong>in</strong></span> <span class='ocrx_word' id='word_1_79' title='bbox 764 3461 910 3517; x_wconf 88' lang='lat' dir='ltr'><strong>Perusinis</strong></span> <span class='ocrx_word' id='word_1_80' title='bbox 932 3462 1108 3532; x_wconf 82' lang='lat' dir='ltr'><strong>quibusdem</strong></span> <span class='ocrx_word' id='word_1_81' title='bbox 1130 3462 1284 3534; x_wconf 83' lang='lat' dir='ltr'><strong>glandibus</strong></span> <span class='ocrx_word' id='word_1_82' title='bbox 1310 3455 1397 3534; x_wconf 77' lang='lat' dir='ltr'><strong>(inter</strong></span> <span class='ocrx_word' id='word_1_83' title='bbox 1410 3460 1505 3518; x_wconf 76' lang='lat' dir='ltr'><strong>Ascu-</strong></span> 
     </span>
     <span class='ocr_line' id='line_1_10' title="bbox 157 3560 1506 3642; baseline -0.004 -18"><span class='ocrx_word' id='word_1_84' title='bbox 157 3569 237 3624; x_wconf 89' lang='lat' dir='ltr'><strong>lanas</strong></span> <span class='ocrx_word' id='word_1_85' title='bbox 258 3569 333 3624; x_wconf 80' lang='lat' dir='ltr'><strong>liaeo</strong></span> <span class='ocrx_word' id='word_1_86' title='bbox 356 3567 416 3624; x_wconf 92' lang='lat' dir='ltr'><strong>sola</strong></span> <span class='ocrx_word' id='word_1_87' title='bbox 440 3573 484 3624; x_wconf 90' lang='lat' dir='ltr'><strong>est</strong></span> <span class='ocrx_word' id='word_1_88' title='bbox 506 3569 535 3621; x_wconf 93' lang='lat' dir='ltr'><strong>in</strong></span> <span class='ocrx_word' id='word_1_89' title='bbox 551 3571 687 3637; x_wconf 84' lang='lat' dir='ltr'><strong>quattuor</strong></span> <span class='ocrx_word' id='word_1_90' title='bbox 707 3563 846 3620; x_wconf 90' lang='lat' dir='ltr'><strong>lateribus</strong></span> <span class='ocrx_word' id='word_1_91' title='bbox 868 3560 1031 3642; x_wconf 89' lang='lat' dir='ltr'><strong>inscripta),</strong></span> <span class='ocrx_word' id='word_1_92' title='bbox 1058 3569 1095 3623; x_wconf 92' lang='lat' dir='ltr'><strong>ita</strong></span> <span class='ocrx_word' id='word_1_93' title='bbox 1115 3569 1145 3622; x_wconf 94' lang='lat' dir='ltr'><strong>in</strong></span> <span class='ocrx_word' id='word_1_94' title='bbox 1160 3566 1216 3623; x_wconf 91' lang='lat' dir='ltr'><strong>hac</strong></span> <span class='ocrx_word' id='word_1_95' title='bbox 1232 3567 1354 3623; x_wconf 84' lang='lat' dir='ltr'><strong>sortasse</strong></span> <span class='ocrx_word' id='word_1_96' title='bbox 1369 3570 1506 3636; x_wconf 87' lang='lat' dir='ltr'><strong>quattuor</strong></span> 
     </span>
     <span class='ocr_line' id='line_1_11' title="bbox 157 3657 1506 3750; baseline -0.001 -26"><span class='ocrx_word' id='word_1_97' title='bbox 157 3687 261 3727; x_wconf 84' lang='lat' dir='ltr'><strong>versus</strong></span> <span class='ocrx_word' id='word_1_98' title='bbox 292 3657 516 3750; x_wconf 79' lang='grc' dir='ltr'>βουστροφηδὸν</span> <span class='ocrx_word' id='word_1_99' title='bbox 545 3668 660 3739; x_wconf 88' lang='lat' dir='ltr'><strong>legendi</strong></span> <span class='ocrx_word' id='word_1_100' title='bbox 694 3672 762 3723; x_wconf 92' lang='lat' dir='ltr'><strong>sunt</strong></span> <span class='ocrx_word' id='word_1_101' title='bbox 793 3667 896 3724; x_wconf 90' lang='lat' dir='ltr'><strong>ordine</strong></span> <span class='ocrx_word' id='word_1_102' title='bbox 928 3684 1018 3740; x_wconf 90' lang='lat' dir='ltr'><strong>supra</strong></span> <span class='ocrx_word' id='word_1_103' title='bbox 1050 3669 1192 3737; x_wconf 90' lang='lat' dir='ltr'><strong>indicato,</strong></span> <span class='ocrx_word' id='word_1_104' title='bbox 1229 3673 1262 3722; x_wconf 91' lang='lat' dir='ltr'><strong>ut</strong></span> <span class='ocrx_word' id='word_1_105' title='bbox 1296 3672 1391 3723; x_wconf 89' lang='lat' dir='ltr'><strong>tamen</strong></span> <span class='ocrx_word' id='word_1_106' title='bbox 1424 3669 1453 3722; x_wconf 93' lang='lat' dir='ltr'><strong>in</strong></span> <span class='ocrx_word' id='word_1_107' title='bbox 1487 3669 1506 3722; x_wconf 90' lang='lat' dir='ltr'><strong>d</strong></span> 
     </span>
     <span class='ocr_line' id='line_1_12' title="bbox 157 3769 1506 3844; baseline -0.005 -14"><span class='ocrx_word' id='word_1_108' title='bbox 157 3780 308 3830; x_wconf 79' lang='lat' dir='ltr'><strong>exaratum</strong></span> <span class='ocrx_word' id='word_1_109' title='bbox 322 3775 360 3829; x_wconf 89' lang='lat' dir='ltr'><strong>sit</strong></span> <span class='ocrx_word' id='word_1_110' title='bbox 375 3785 429 3828; x_wconf 76' lang='lat' dir='ltr'><strong>eeu</strong></span> <span class='ocrx_word' id='word_1_111' title='bbox 443 3789 497 3844; x_wconf 89' lang='lat' dir='ltr'><strong>pro</strong></span> <span class='ocrx_word' id='word_1_112' title='bbox 517 3786 581 3827; x_wconf 80' lang='lat' dir='ltr'><strong>ren.</strong></span> <span class='ocrx_word' id='word_1_113' title='bbox 614 3771 675 3827; x_wconf 90' lang='lat' dir='ltr'><strong>lloc</strong></span> <span class='ocrx_word' id='word_1_114' title='bbox 697 3776 816 3828; x_wconf 89' lang='lat' dir='ltr'><strong>secutus</strong></span> <span class='ocrx_word' id='word_1_115' title='bbox 837 3773 976 3842; x_wconf 81' lang='lat' dir='ltr'><strong>temptari</strong></span> <span class='ocrx_word' id='word_1_116' title='bbox 997 3773 1264 3842; x_wconf 79' lang='lat' dir='ltr'><strong>interpretationem</strong></span> <span class='ocrx_word' id='word_1_117' title='bbox 1286 3769 1377 3826; x_wconf 88' lang='lat' dir='ltr'><strong>hanc:</strong></span> <span class='ocrx_word' id='word_1_118' title='bbox 1403 3771 1421 3844; x_wconf 69' lang='lat' dir='ltr'><em>f</em></span> <span class='ocrx_word' id='word_1_119' title='bbox 1463 3798 1506 3807; x_wconf 95' lang='lat'><strong>—</strong></span> 
     </span>
     <span class='ocr_line' id='line_1_13' title="bbox 157 3865 1502 3953; baseline -0.004 -21"><span class='ocrx_word' id='word_1_120' title='bbox 157 3867 368 3953; x_wconf 64' lang='grc' dir='ltr'><strong>111ιρ1111]-</strong></span> <span class='ocrx_word' id='word_1_121' title='bbox 390 3865 612 3951; x_wconf 55' lang='lat' dir='ltr'><strong>Pomffieid—</strong></span> <span class='ocrx_word' id='word_1_122' title='bbox 638 3865 723 3948; x_wconf 65' lang='lat' dir='ltr'><strong>Ulca,</strong></span> <span class='ocrx_word' id='word_1_123' title='bbox 756 3873 926 3948; x_wconf 79' lang='lat' dir='ltr'><strong>imperativo</strong></span> <span class='ocrx_word' id='word_1_124' title='bbox 954 3874 1000 3947; x_wconf 74' lang='lat' dir='ltr'><strong>fer</strong></span> <span class='ocrx_word' id='word_1_125' title='bbox 1029 3875 1060 3927; x_wconf 93' lang='lat' dir='ltr'><strong>in</strong></span> <span class='ocrx_word' id='word_1_126' title='bbox 1091 3887 1178 3928; x_wconf 89' lang='lat' dir='ltr'><strong>versu</strong></span> <span class='ocrx_word' id='word_1_127' title='bbox 1201 3873 1220 3928; x_wconf 90' lang='lat' dir='ltr'><strong>d</strong></span> <span class='ocrx_word' id='word_1_128' title='bbox 1248 3889 1315 3929; x_wconf 90' lang='lat' dir='ltr'><strong>cum</strong></span> <span class='ocrx_word' id='word_1_129' title='bbox 1337 3875 1366 3928; x_wconf 86' lang='lat' dir='ltr'><strong>vi</strong></span> <span class='ocrx_word' id='word_1_130' title='bbox 1388 3874 1502 3929; x_wconf 89' lang='lat' dir='ltr'><strong>iterato.</strong></span> 
     </span>
     <span class='ocr_line' id='line_1_14' title="bbox 156 3973 1502 4052; baseline -0.003 -16"><span class='ocrx_word' id='word_1_131' title='bbox 156 3979 285 4036; x_wconf 79' lang='lat' dir='ltr'><strong>Salutem</strong></span> <span class='ocrx_word' id='word_1_132' title='bbox 312 3979 391 4052; x_wconf 83' lang='lat' dir='ltr'><strong>serre</strong></span> <span class='ocrx_word' id='word_1_133' title='bbox 418 3977 543 4033; x_wconf 80' lang='lat' dir='ltr'><strong>habetur</strong></span> <span class='ocrx_word' id='word_1_134' title='bbox 570 3992 615 4031; x_wconf 88' lang='lat' dir='ltr'><strong>ex.</strong></span> <span class='ocrx_word' id='word_1_135' title='bbox 642 3992 686 4047; x_wconf 87' lang='lat' dir='ltr'><strong>gr.</strong></span> <span class='ocrx_word' id='word_1_136' title='bbox 718 3976 797 4047; x_wconf 94' lang='lat' dir='ltr'><strong>apud</strong></span> <span class='ocrx_word' id='word_1_137' title='bbox 819 3973 954 4032; x_wconf 88' lang='lat' dir='ltr'><strong>Ovidium</strong></span> <span class='ocrx_word' id='word_1_138' title='bbox 983 3977 1069 4047; x_wconf 87' lang='lat' dir='ltr'><strong>epist.</strong></span> <span class='ocrx_word' id='word_1_139' title='bbox 1098 3981 1147 4044; x_wconf 86' lang='lat' dir='ltr'><strong>ts,</strong></span> <span class='ocrx_word' id='word_1_140' title='bbox 1169 3981 1200 4032; x_wconf 91' lang='lat' dir='ltr'><strong>l:</strong></span> <span class='ocrx_word' id='word_1_141' title='bbox 1235 3977 1323 4034; x_wconf 81' lang='lat' dir='ltr'><strong>Mittit</strong></span> <span class='ocrx_word' id='word_1_142' title='bbox 1344 3975 1502 4048; x_wconf 66' lang='lat' dir='ltr'><strong>Abydeuue</strong></span> 
     </span>
     <span class='ocr_line' id='line_1_15' title="bbox 159 4075 1507 4156; baseline -0.004 -18"><span class='ocrx_word' id='word_1_143' title='bbox 159 4100 244 4156; x_wconf 83' lang='lat' dir='ltr'><strong>quom</strong></span> <span class='ocrx_word' id='word_1_144' title='bbox 264 4081 350 4137; x_wconf 85' lang='lat' dir='ltr'><strong>oettet</strong></span> <span class='ocrx_word' id='word_1_145' title='bbox 371 4081 458 4154; x_wconf 74' lang='lat' dir='ltr'><strong>serre,</strong></span> <span class='ocrx_word' id='word_1_146' title='bbox 484 4079 616 4146; x_wconf 76' lang='lat' dir='ltr'><strong>salutem,</strong></span> <span class='ocrx_word' id='word_1_147' title='bbox 643 4079 681 4134; x_wconf 88' lang='lat' dir='ltr'><strong>cl.</strong></span> <span class='ocrx_word' id='word_1_148' title='bbox 704 4079 868 4135; x_wconf 87' lang='lat' dir='ltr'><strong>Gronovius</strong></span> <span class='ocrx_word' id='word_1_149' title='bbox 891 4078 977 4134; x_wconf 91' lang='lat' dir='ltr'><strong>diatr.</strong></span> <span class='ocrx_word' id='word_1_150' title='bbox 1008 4079 1039 4134; x_wconf 93' lang='lat' dir='ltr'><strong>in</strong></span> <span class='ocrx_word' id='word_1_151' title='bbox 1069 4079 1190 4136; x_wconf 90' lang='lat' dir='ltr'><strong>Statium</strong></span> <span class='ocrx_word' id='word_1_152' title='bbox 1216 4095 1280 4151; x_wconf 89' lang='lat' dir='ltr'><strong>cap.</strong></span> <span class='ocrx_word' id='word_1_153' title='bbox 1310 4082 1360 4136; x_wconf 83' lang='grc'><strong>15.</strong></span> <span class='ocrx_word' id='word_1_154' title='bbox 1408 4075 1507 4135; x_wconf 89' lang='lat' dir='ltr'><strong>Potest</strong></span> 
     </span>
     <span class='ocr_line' id='line_1_16' title="bbox 158 4178 1506 4253; baseline -0.004 -12"><span class='ocrx_word' id='word_1_155' title='bbox 158 4191 255 4241; x_wconf 86' lang='lat' dir='ltr'><strong>autem</strong></span> <span class='ocrx_word' id='word_1_156' title='bbox 279 4183 352 4250; x_wconf 89' lang='lat' dir='ltr'><strong>lieri,</strong></span> <span class='ocrx_word' id='word_1_157' title='bbox 377 4188 410 4238; x_wconf 92' lang='lat' dir='ltr'><strong>ut</strong></span> <span class='ocrx_word' id='word_1_158' title='bbox 433 4181 555 4236; x_wconf 90' lang='lat' dir='ltr'><strong>adversa</strong></span> <span class='ocrx_word' id='word_1_159' title='bbox 579 4196 645 4237; x_wconf 92' lang='lat' dir='ltr'><strong>cum</strong></span> <span class='ocrx_word' id='word_1_160' title='bbox 667 4196 770 4236; x_wconf 88' lang='lat' dir='ltr'><strong>aversa</strong></span> <span class='ocrx_word' id='word_1_161' title='bbox 791 4185 873 4251; x_wconf 89' lang='lat' dir='ltr'><strong>parte</strong></span> <span class='ocrx_word' id='word_1_162' title='bbox 895 4178 941 4237; x_wconf 90' lang='lat' dir='ltr'><strong>bis</strong></span> <span class='ocrx_word' id='word_1_163' title='bbox 964 4181 1164 4253; x_wconf 89' lang='lat' dir='ltr'><strong>coniungenda</strong></span> <span class='ocrx_word' id='word_1_164' title='bbox 1187 4182 1224 4236; x_wconf 93' lang='lat' dir='ltr'><strong>sit</strong></span> <span class='ocrx_word' id='word_1_165' title='bbox 1247 4183 1276 4236; x_wconf 93' lang='lat' dir='ltr'><strong>in</strong></span> <span class='ocrx_word' id='word_1_166' title='bbox 1293 4180 1371 4237; x_wconf 90' lang='lat' dir='ltr'><strong>hunc</strong></span> <span class='ocrx_word' id='word_1_167' title='bbox 1387 4181 1506 4236; x_wconf 90' lang='lat' dir='ltr'><strong>modum</strong></span> 
     </span>
     <span class='ocr_line' id='line_1_17' title="bbox 159 4275 1506 4361; baseline -0.004 -18"><span class='ocrx_word' id='word_1_168' title='bbox 159 4305 192 4343; x_wconf 86' lang='lat' dir='ltr'><strong>c:</strong></span> <span class='ocrx_word' id='word_1_169' title='bbox 225 4301 279 4344; x_wconf 77' lang='lat' dir='ltr'><strong>nar</strong></span> <span class='ocrx_word' id='word_1_170' title='bbox 302 4279 316 4361; x_wconf 58' lang='grc' dir='ltr'>χ</span> <span class='ocrx_word' id='word_1_171' title='bbox 337 4300 369 4340; x_wconf 84' lang='lat' dir='ltr'><strong>o:</strong></span> <span class='ocrx_word' id='word_1_172' title='bbox 402 4297 489 4342; x_wconf 81' lang='lat' dir='ltr'><strong>now</strong></span> <span class='ocrx_word' id='word_1_173' title='bbox 512 4290 540 4340; x_wconf 88' lang='lat' dir='ltr'><strong>et</strong></span> <span class='ocrx_word' id='word_1_174' title='bbox 562 4285 599 4339; x_wconf 87' lang='lat' dir='ltr'><strong>d:</strong></span> <span class='ocrx_word' id='word_1_175' title='bbox 632 4296 683 4340; x_wconf 75' lang='lat' dir='ltr'><strong>ana</strong></span> <span class='ocrx_word' id='word_1_176' title='bbox 705 4275 717 4358; x_wconf 70' lang='lat'>1</span> <span class='ocrx_word' id='word_1_177' title='bbox 741 4282 772 4338; x_wconf 85' lang='lat' dir='ltr'><strong>b:</strong></span> <span class='ocrx_word' id='word_1_178' title='bbox 805 4295 859 4340; x_wconf 75' lang='lat' dir='ltr'><strong>sua</strong></span> <span class='ocrx_word' id='word_1_179' title='bbox 887 4276 1037 4360; x_wconf 80' lang='lat' dir='ltr'><strong>(=raet)</strong></span> <span class='ocrx_word' id='word_1_180' title='bbox 1066 4287 1131 4341; x_wconf 75' lang='lat' dir='ltr'><strong>le.</strong></span> <span class='ocrx_word' id='word_1_181' title='bbox 1164 4283 1286 4340; x_wconf 83' lang='lat' dir='ltr'><strong>tortasse</strong></span> <span class='ocrx_word' id='word_1_182' title='bbox 1311 4275 1394 4359; x_wconf 60' lang='lat' dir='ltr'><strong>fera)</strong></span> <span class='ocrx_word' id='word_1_183' title='bbox 1421 4285 1506 4340; x_wconf 84' lang='lat' dir='ltr'><strong>Pom-</strong></span> 
     </span>
     <span class='ocr_line' id='line_1_18' title="bbox 157 4379 874 4467; baseline -0.008 -21"><span class='ocrx_word' id='word_1_184' title='bbox 157 4381 296 4467; x_wconf 76' lang='lat' dir='ltr'><strong>(petum);</strong></span> <span class='ocrx_word' id='word_1_185' title='bbox 320 4379 405 4465; x_wconf 56' lang='lat' dir='ltr'><strong>sera)</strong></span> <span class='ocrx_word' id='word_1_186' title='bbox 427 4389 498 4443; x_wconf 82' lang='lat' dir='ltr'><strong>Lus.</strong></span> <span class='ocrx_word' id='word_1_187' title='bbox 514 4428 564 4443; x_wconf 88' lang='lat'><strong>...</strong></span> <span class='ocrx_word' id='word_1_188' title='bbox 595 4379 642 4462; x_wconf 91' lang='lat' dir='ltr'><strong>(an</strong></span> <span class='ocrx_word' id='word_1_189' title='bbox 663 4385 826 4456; x_wconf 83' lang='lat' dir='ltr'><strong>Sulpicium</strong></span> <span class='ocrx_word' id='word_1_190' title='bbox 834 4380 874 4460; x_wconf 80' lang='grc'><strong>1).</strong></span> 
     </span>
    </p>
   </div>
   <div class='ocr_carea' id='block_1_6' title="bbox 159 4515 1507 5419">
    <p class='ocr_par' dir='ltr' id='par_1_6' title="bbox 159 4515 1507 5419">
     <span class='ocr_line' id='line_1_19' title="bbox 246 4515 1505 4600; baseline -0.002 -18"><span class='ocrx_word' id='word_1_191' title='bbox 246 4526 422 4583; x_wconf 87' lang='lat' dir='ltr'><strong>Garruccius</strong></span> <span class='ocrx_word' id='word_1_192' title='bbox 446 4520 550 4580; x_wconf 77' lang='lat' dir='ltr'><strong>ctotttt</strong></span> <span class='ocrx_word' id='word_1_193' title='bbox 565 4523 664 4579; x_wconf 85' lang='lat' dir='ltr'><strong>cattol.</strong></span> <span class='ocrx_word' id='word_1_194' title='bbox 685 4523 745 4579; x_wconf 83' lang='lat' dir='ltr'><strong>X5</strong></span> <span class='ocrx_word' id='word_1_195' title='bbox 768 4515 872 4600; x_wconf 79' lang='lat' dir='ltr'><strong>(toto)</strong></span> <span class='ocrx_word' id='word_1_196' title='bbox 892 4540 923 4595; x_wconf 91' lang='lat' dir='ltr'><strong>p.</strong></span> <span class='ocrx_word' id='word_1_197' title='bbox 946 4527 1005 4580; x_wconf 78' lang='lat'><strong>729</strong></span> <span class='ocrx_word' id='word_1_198' title='bbox 1028 4522 1139 4592; x_wconf 85' lang='lat' dir='ltr'><strong>glandis</strong></span> <span class='ocrx_word' id='word_1_199' title='bbox 1157 4524 1244 4580; x_wconf 83' lang='lat' dir='ltr'><strong>liuius</strong></span> <span class='ocrx_word' id='word_1_200' title='bbox 1260 4529 1289 4579; x_wconf 88' lang='lat' dir='ltr'><strong>et</strong></span> <span class='ocrx_word' id='word_1_201' title='bbox 1304 4540 1334 4578; x_wconf 92' lang='lat' dir='ltr'><strong>n.</strong></span> <span class='ocrx_word' id='word_1_202' title='bbox 1357 4529 1405 4593; x_wconf 89' lang='lat' dir='ltr'><strong>t8,</strong></span> <span class='ocrx_word' id='word_1_203' title='bbox 1432 4540 1505 4596; x_wconf 84' lang='lat' dir='ltr'><strong>quas</strong></span> 
     </span>
     <span class='ocr_line' id='line_1_20' title="bbox 160 4625 1505 4698; baseline 0 -14"><span class='ocrx_word' id='word_1_204' title='bbox 160 4644 215 4684; x_wconf 92' lang='lat' dir='ltr'><strong>non</strong></span> <span class='ocrx_word' id='word_1_205' title='bbox 238 4627 327 4696; x_wconf 85' lang='lat' dir='ltr'><strong>vidit,</strong></span> <span class='ocrx_word' id='word_1_206' title='bbox 360 4625 448 4682; x_wconf 86' lang='lat' dir='ltr'><strong>fidem</strong></span> <span class='ocrx_word' id='word_1_207' title='bbox 471 4629 500 4681; x_wconf 95' lang='lat' dir='ltr'><strong>in</strong></span> <span class='ocrx_word' id='word_1_208' title='bbox 522 4627 719 4698; x_wconf 87' lang='lat' dir='ltr'><strong>suspicionem</strong></span> <span class='ocrx_word' id='word_1_209' title='bbox 740 4641 847 4682; x_wconf 89' lang='lat' dir='ltr'><strong>vocare</strong></span> <span class='ocrx_word' id='word_1_210' title='bbox 870 4626 974 4682; x_wconf 86' lang='lat' dir='ltr'><strong>tectius</strong></span> <span class='ocrx_word' id='word_1_211' title='bbox 997 4632 1118 4682; x_wconf 87' lang='lat' dir='ltr'><strong>conatus</strong></span> <span class='ocrx_word' id='word_1_212' title='bbox 1141 4632 1201 4695; x_wconf 88' lang='lat' dir='ltr'><strong>est;</strong></span> <span class='ocrx_word' id='word_1_213' title='bbox 1235 4628 1265 4686; x_wconf 89' lang='lat' dir='ltr'><strong>id</strong></span> <span class='ocrx_word' id='word_1_214' title='bbox 1288 4627 1368 4698; x_wconf 86' lang='lat' dir='ltr'><strong>quod</strong></span> <span class='ocrx_word' id='word_1_215' title='bbox 1390 4629 1505 4685; x_wconf 89' lang='lat' dir='ltr'><strong>levitate</strong></span> 
     </span>
     <span class='ocr_line' id='line_1_21' title="bbox 159 4728 1507 4802; baseline 0 -16"><span class='ocrx_word' id='word_1_216' title='bbox 159 4747 279 4802; x_wconf 89' lang='lat' dir='ltr'><strong>prorsus</strong></span> <span class='ocrx_word' id='word_1_217' title='bbox 309 4733 464 4787; x_wconf 88' lang='lat' dir='ltr'><strong>temeraria</strong></span> <span class='ocrx_word' id='word_1_218' title='bbox 492 4743 546 4785; x_wconf 92' lang='lat' dir='ltr'><strong>nec</strong></span> <span class='ocrx_word' id='word_1_219' title='bbox 576 4728 635 4784; x_wconf 94' lang='lat' dir='ltr'><strong>ullo</strong></span> <span class='ocrx_word' id='word_1_220' title='bbox 666 4735 835 4798; x_wconf 87' lang='lat' dir='ltr'><strong>argumento</strong></span> <span class='ocrx_word' id='word_1_221' title='bbox 864 4729 963 4786; x_wconf 93' lang='lat' dir='ltr'><strong>addito</strong></span> <span class='ocrx_word' id='word_1_222' title='bbox 994 4729 1061 4785; x_wconf 87' lang='lat' dir='ltr'><strong>lecit</strong></span> <span class='ocrx_word' id='word_1_223' title='bbox 1086 4745 1145 4786; x_wconf 93' lang='lat' dir='ltr'><strong>non</strong></span> <span class='ocrx_word' id='word_1_224' title='bbox 1168 4731 1288 4788; x_wconf 90' lang='lat' dir='ltr'><strong>idoneus</strong></span> <span class='ocrx_word' id='word_1_225' title='bbox 1309 4731 1358 4787; x_wconf 89' lang='lat' dir='ltr'><strong>ille</strong></span> <span class='ocrx_word' id='word_1_226' title='bbox 1388 4731 1507 4802; x_wconf 88' lang='lat' dir='ltr'><strong>quidem</strong></span> 
     </span>
     <span class='ocr_line' id='line_1_22' title="bbox 159 4815 1507 4907; baseline 0.001 -19"><span class='ocrx_word' id='word_1_227' title='bbox 159 4833 194 4888; x_wconf 93' lang='lat' dir='ltr'><strong>de</strong></span> <span class='ocrx_word' id='word_1_228' title='bbox 216 4834 262 4889; x_wconf 91' lang='lat' dir='ltr'><strong>his</strong></span> <span class='ocrx_word' id='word_1_229' title='bbox 284 4833 375 4890; x_wconf 86' lang='lat' dir='ltr'><strong>rebus</strong></span> <span class='ocrx_word' id='word_1_230' title='bbox 398 4832 496 4900; x_wconf 86' lang='lat' dir='ltr'><strong>index,</strong></span> <span class='ocrx_word' id='word_1_231' title='bbox 522 4833 631 4902; x_wconf 90' lang='lat' dir='ltr'><strong>quippe</strong></span> <span class='ocrx_word' id='word_1_232' title='bbox 655 4833 706 4903; x_wconf 90' lang='lat' dir='ltr'><strong>qui</strong></span> <span class='ocrx_word' id='word_1_233' title='bbox 728 4836 770 4889; x_wconf 92' lang='lat' dir='ltr'><strong>tot</strong></span> <span class='ocrx_word' id='word_1_234' title='bbox 791 4832 911 4902; x_wconf 83' lang='lat' dir='ltr'><strong>glandes</strong></span> <span class='ocrx_word' id='word_1_235' title='bbox 933 4833 1030 4902; x_wconf 80' lang='lat' dir='ltr'><strong>falsae,</strong></span> <span class='ocrx_word' id='word_1_236' title='bbox 1054 4833 1124 4891; x_wconf 87' lang='lat' dir='ltr'><strong>licet</strong></span> <span class='ocrx_word' id='word_1_237' title='bbox 1145 4837 1208 4907; x_wconf 87' lang='lat' dir='ltr'><strong>ipsa</strong></span> <span class='ocrx_word' id='word_1_238' title='bbox 1229 4835 1344 4904; x_wconf 88' lang='lat' dir='ltr'><strong>viderit,</strong></span> <span class='ocrx_word' id='word_1_239' title='bbox 1369 4840 1401 4891; x_wconf 92' lang='lat' dir='ltr'><strong>ut</strong></span> <span class='ocrx_word' id='word_1_240' title='bbox 1416 4815 1507 4890; x_wconf 78' lang='lat' dir='ltr'><strong>&#39;veras</strong></span> 
     </span>
     <span class='ocr_line' id='line_1_23' title="bbox 160 4933 1507 5008; baseline 0.001 -16"><span class='ocrx_word' id='word_1_241' title='bbox 160 4936 294 4993; x_wconf 88' lang='lat' dir='ltr'><strong>ediderit.</strong></span> <span class='ocrx_word' id='word_1_242' title='bbox 341 4936 475 4992; x_wconf 84' lang='lat' dir='ltr'><strong>Ceterum</strong></span> <span class='ocrx_word' id='word_1_243' title='bbox 498 4933 579 5005; x_wconf 89' lang='lat' dir='ltr'><strong>glans</strong></span> <span class='ocrx_word' id='word_1_244' title='bbox 602 4937 632 4989; x_wconf 89' lang='lat' dir='ltr'><strong>in</strong></span> <span class='ocrx_word' id='word_1_245' title='bbox 654 4949 756 4992; x_wconf 89' lang='lat' dir='ltr'><strong>musco</strong></span> <span class='ocrx_word' id='word_1_246' title='bbox 779 4935 894 5005; x_wconf 89' lang='lat' dir='ltr'><strong>publico</strong></span> <span class='ocrx_word' id='word_1_247' title='bbox 917 4941 1029 5007; x_wconf 89' lang='lat' dir='ltr'><strong>prostat</strong></span> <span class='ocrx_word' id='word_1_248' title='bbox 1050 4944 1079 4993; x_wconf 89' lang='lat' dir='ltr'><strong>et</strong></span> <span class='ocrx_word' id='word_1_249' title='bbox 1101 4938 1130 4992; x_wconf 93' lang='lat' dir='ltr'><strong>in</strong></span> <span class='ocrx_word' id='word_1_250' title='bbox 1153 4938 1252 4995; x_wconf 73' lang='lat' dir='ltr'><strong>tabula</strong></span> <span class='ocrx_word' id='word_1_251' title='bbox 1271 4937 1294 4992; x_wconf 87' lang='lat' dir='ltr'>V</span> <span class='ocrx_word' id='word_1_252' title='bbox 1316 4943 1377 4993; x_wconf 85' lang='lat' dir='ltr'><strong>arte</strong></span> <span class='ocrx_word' id='word_1_253' title='bbox 1399 4937 1507 5008; x_wconf 88' lang='lat' dir='ltr'><strong>photo-</strong></span> 
     </span>
     <span class='ocr_line' id='line_1_24' title="bbox 159 5039 1506 5111; baseline 0.002 -17"><span class='ocrx_word' id='word_1_254' title='bbox 159 5039 263 5110; x_wconf 91' lang='lat' dir='ltr'><strong>praphi</strong></span> <span class='ocrx_word' id='word_1_255' title='bbox 287 5039 382 5094; x_wconf 83' lang='lat' dir='ltr'><strong>efficta</strong></span> <span class='ocrx_word' id='word_1_256' title='bbox 399 5044 453 5106; x_wconf 89' lang='lat' dir='ltr'><strong>est,</strong></span> <span class='ocrx_word' id='word_1_257' title='bbox 479 5043 511 5092; x_wconf 90' lang='lat' dir='ltr'><strong>ut</strong></span> <span class='ocrx_word' id='word_1_258' title='bbox 525 5052 601 5093; x_wconf 91' lang='lat' dir='ltr'><strong>unus</strong></span> <span class='ocrx_word' id='word_1_259' title='bbox 617 5039 743 5110; x_wconf 89' lang='lat' dir='ltr'><strong>quisque</strong></span> <span class='ocrx_word' id='word_1_260' title='bbox 765 5039 877 5109; x_wconf 91' lang='lat' dir='ltr'><strong>peritus</strong></span> <span class='ocrx_word' id='word_1_261' title='bbox 894 5054 982 5109; x_wconf 91' lang='lat' dir='ltr'><strong>quam</strong></span> <span class='ocrx_word' id='word_1_262' title='bbox 1004 5039 1088 5108; x_wconf 81' lang='lat' dir='ltr'><strong>longe</strong></span> <span class='ocrx_word' id='word_1_263' title='bbox 1103 5040 1179 5096; x_wconf 91' lang='lat' dir='ltr'><strong>absit</strong></span> <span class='ocrx_word' id='word_1_264' title='bbox 1196 5039 1232 5096; x_wconf 85' lang='lat' dir='ltr'><strong>ab</strong></span> <span class='ocrx_word' id='word_1_265' title='bbox 1249 5042 1326 5096; x_wconf 93' lang='lat' dir='ltr'><strong>omni</strong></span> <span class='ocrx_word' id='word_1_266' title='bbox 1342 5041 1506 5111; x_wconf 85' lang='lat' dir='ltr'><strong>suspicione</strong></span> 
     </span>
     <span class='ocr_line' id='line_1_25' title="bbox 160 5139 1506 5215; baseline 0.003 -19"><span class='ocrx_word' id='word_1_267' title='bbox 160 5141 326 5198; x_wconf 84' lang='lat' dir='ltr'><strong>discernere</strong></span> <span class='ocrx_word' id='word_1_268' title='bbox 348 5143 452 5210; x_wconf 88' lang='lat' dir='ltr'><strong>possit.</strong></span> <span class='ocrx_word' id='word_1_269' title='bbox 500 5141 561 5198; x_wconf 90' lang='lat' dir='ltr'><strong>lloc</strong></span> <span class='ocrx_word' id='word_1_270' title='bbox 584 5140 675 5210; x_wconf 90' lang='lat' dir='ltr'><strong>addo,</strong></span> <span class='ocrx_word' id='word_1_271' title='bbox 706 5139 761 5196; x_wconf 88' lang='lat' dir='ltr'><strong>sub</strong></span> <span class='ocrx_word' id='word_1_272' title='bbox 785 5143 857 5196; x_wconf 88' lang='lat' dir='ltr'><strong>meis</strong></span> <span class='ocrx_word' id='word_1_273' title='bbox 879 5142 972 5210; x_wconf 92' lang='lat' dir='ltr'><strong>ipsius</strong></span> <span class='ocrx_word' id='word_1_274' title='bbox 995 5143 1100 5198; x_wconf 84' lang='lat' dir='ltr'><strong>acriter</strong></span> <span class='ocrx_word' id='word_1_275' title='bbox 1122 5143 1223 5198; x_wconf 88' lang='lat' dir='ltr'><strong>intenti</strong></span> <span class='ocrx_word' id='word_1_276' title='bbox 1246 5141 1338 5199; x_wconf 88' lang='lat' dir='ltr'><strong>oculis</strong></span> <span class='ocrx_word' id='word_1_277' title='bbox 1360 5150 1506 5215; x_wconf 89' lang='lat' dir='ltr'><strong>repertam</strong></span> 
     </span>
     <span class='ocr_line' id='line_1_26' title="bbox 160 5243 1506 5316; baseline 0.003 -17"><span class='ocrx_word' id='word_1_278' title='bbox 160 5260 224 5300; x_wconf 87' lang='lat' dir='ltr'><strong>esse</strong></span> <span class='ocrx_word' id='word_1_279' title='bbox 246 5244 284 5301; x_wconf 89' lang='lat' dir='ltr'><strong>ab</strong></span> <span class='ocrx_word' id='word_1_280' title='bbox 307 5244 426 5300; x_wconf 90' lang='lat' dir='ltr'><strong>homine</strong></span> <span class='ocrx_word' id='word_1_281' title='bbox 448 5244 510 5300; x_wconf 85' lang='lat' dir='ltr'><strong>lere</strong></span> <span class='ocrx_word' id='word_1_282' title='bbox 532 5244 629 5312; x_wconf 89' lang='lat' dir='ltr'><strong>nudo,</strong></span> <span class='ocrx_word' id='word_1_283' title='bbox 662 5245 745 5299; x_wconf 91' lang='lat' dir='ltr'><strong>cuius</strong></span> <span class='ocrx_word' id='word_1_284' title='bbox 769 5243 842 5299; x_wconf 86' lang='lat' dir='ltr'><strong>fides</strong></span> <span class='ocrx_word' id='word_1_285' title='bbox 864 5245 983 5300; x_wconf 90' lang='lat' dir='ltr'><strong>minime</strong></span> <span class='ocrx_word' id='word_1_286' title='bbox 1006 5250 1142 5314; x_wconf 87' lang='lat' dir='ltr'><strong>suspecta</strong></span> <span class='ocrx_word' id='word_1_287' title='bbox 1165 5249 1241 5301; x_wconf 88' lang='lat' dir='ltr'><strong>esset</strong></span> <span class='ocrx_word' id='word_1_288' title='bbox 1263 5247 1373 5316; x_wconf 87' lang='lat' dir='ltr'><strong>quique</strong></span> <span class='ocrx_word' id='word_1_289' title='bbox 1395 5246 1506 5303; x_wconf 90' lang='lat' dir='ltr'><strong>nullum</strong></span> 
     </span>
     <span class='ocr_line' id='line_1_27' title="bbox 161 5345 1502 5419; baseline 0.003 -19"><span class='ocrx_word' id='word_1_290' title='bbox 161 5361 254 5417; x_wconf 87' lang='lat' dir='ltr'><strong>neque</strong></span> <span class='ocrx_word' id='word_1_291' title='bbox 280 5346 337 5403; x_wconf 90' lang='lat' dir='ltr'><strong>sibi</strong></span> <span class='ocrx_word' id='word_1_292' title='bbox 364 5361 460 5418; x_wconf 86' lang='lat' dir='ltr'><strong>neque</strong></span> <span class='ocrx_word' id='word_1_293' title='bbox 483 5347 533 5403; x_wconf 92' lang='lat' dir='ltr'><strong>alii</strong></span> <span class='ocrx_word' id='word_1_294' title='bbox 561 5347 697 5416; x_wconf 90' lang='lat' dir='ltr'><strong>cuiqnam</strong></span> <span class='ocrx_word' id='word_1_295' title='bbox 724 5363 741 5401; x_wconf 95' lang='lat' dir='ltr'><strong>a</strong></span> <span class='ocrx_word' id='word_1_296' title='bbox 767 5347 816 5402; x_wconf 92' lang='lat' dir='ltr'><strong>tali</strong></span> <span class='ocrx_word' id='word_1_297' title='bbox 842 5345 944 5402; x_wconf 75' lang='lat' dir='ltr'><strong>fraude</strong></span> <span class='ocrx_word' id='word_1_298' title='bbox 967 5353 1123 5418; x_wconf 85' lang='lat' dir='ltr'><strong>expectare</strong></span> <span class='ocrx_word' id='word_1_299' title='bbox 1144 5354 1244 5419; x_wconf 90' lang='lat' dir='ltr'><strong>posset</strong></span> <span class='ocrx_word' id='word_1_300' title='bbox 1265 5349 1502 5406; x_wconf 86' lang='lat' dir='ltr'><strong>emolumentum.</strong></span> 
     </span>
    </p>
   </div>
   <div class='ocr_carea' id='block_1_7' title="bbox 0 0 1972 6240">
    <p class='ocr_par' dir='ltr' id='par_1_7' title="bbox 0 0 1972 6240">
     <span class='ocr_line' id='line_1_28' title="bbox 0 0 1972 6240; baseline 0 0"><span class='ocrx_word' id='word_1_301' title='bbox 0 0 1972 6240; x_wconf 95' lang='lat' dir='ltr'><strong> </strong></span> 
     </span>
    </p>
   </div>
  </div>
 </body>
</html>
