3922 6240
683 641 840 693 GLANDES
858 643 1059 692 Punvsmau.
1495 634 1542 704 57

203 828 327 912 [octat]
346 837 416 892 Lov.
436 841 464 892 et
479 837 644 892 Henzenus.
686 835 796 906 Quodsi
817 849 886 893 oc..
909 831 996 912 (pone
1011 853 1087 909 quae
1102 839 1253 909 plumbum
1268 839 1416 897 inlidendo
1433 842 1544 897 laesum

201 944 251 995 aut
277 939 370 995 cultro
399 941 521 996 incisum
550 933 604 1013 est)
630 955 733 996 revera
761 941 902 1012 scriptum
929 947 1036 1010 exstat,
1070 941 1255 1012 cogitandum
1283 933 1420 1000 lortasse'
1434 951 1478 1001 est
1506 944 1543 1001 de

201 1040 366 1098 nominibus
390 1041 419 1096 0.
441 1041 545 1097 Cacsar
567 1040 740 1098 0444444444
768 1043 960 1099 contumeliae
991 1059 1077 1100 causa
1106 1046 1261 1114 inscriptis.
1309 1044 1440 1115 Quocum
1471 1063 1544 1104 con·

201 1143 322 1216 veniret,
355 1143 433 1215 quod
455 1141 577 1214 liguram
599 1142 697 1214 pballc
725 1144 847 1200 similem
877 1160 965 1217 supra
988 1163 1015 1202 v.
1039 1151 1049 1202 4
1083 1139 1155 1221 (sive
1183 1162 1261 1219 pone
1282 1165 1312 1203 v.
1333 1142 1362 1225 2)
1393 1153 1543 1220 agnovisse

201 1243 256 1302 sibi
277 1248 358 1302 tisias
381 1249 425 1300 est
448 1244 689 1302 Guardabassius.

200 1424 245 1493 60
273 1439 283 1492 4
317 1427 461 1508 [Perusiae
488 1433 565 1505 apud
592 1434 751 1491 Marianum
783 1429 1002 1510 Guardabassi].
1055 1437 1149 1509 Longa
1180 1442 1288 1508 4),044,
1320 1455 1417 1496 crassa
1446 1445 1537 1507 8,(424

289 1541 318 1592 44
345 1540 457 1605 o‚0t5;
489 1537 563 1592 male
591 1537 719 1594 formata.
750 1565 793 1576 -
821 1536 992 1608 Exemplum
1022 1539 1144 1595 alterum
1172 1543 1319 1612 geminum
1345 1547 1395 1598 aut
1420 1541 1542 1599 tortasse

285 1639 364 1695 idem
387 1645 446 1695 est:

245 1745 260 1798 2
284 1742 361 1815 from
376 1743 497 1814 Paruqio
517 1749 577 1798 aaut
599 1734 711 1817 [ipsane
733 1741 813 1813 glans
836 1757 873 1798 an
894 1734 1019 1817 imagol]
1043 1742 1077 1814 dy
1091 1745 1130 1799 44.
1148 1744 1299 1814 Fortnum;
1326 1748 1430 1818 weiqbt
1450 1746 1473 1805 2
1495 1764 1540 1803 oz.

290 1843 349 1899 436
364 1861 408 1916 qr.
438 1837 491 1920 [=
506 1859 627 1915 gramm
657 1839 779 1919 tt,el],
805 1843 904 1914 rudely
926 1844 1010 1900 mode
1032 1857 1249 1902 rnocsnnmcs.

742 2002 993 2076 “niumm

742 2115 758 2173 b
822 2112 945 2198 octat&

741 2255 756 2292 c
811 2247 912 2292 Wffi'

742 2357 761 2412 d
819 2366 873 2414 (non
887 2365 1004 2417 incripta)

204 2478 214 2531 4
243 2474 341 2529 Descri
365 2475 399 2530 si.

203 2581 219 2636 2
245 2487 381 2632 llortnulm
404 2577 479 2632 misit
501 2577 633 2633 societati
655 2576 854 2646 londiniensi,
887 2592 963 2647 quae
990 2577 1082 2633 edidit
1108 2579 1292 2651 Procecdinqa
1313 2595 1370 2635 acc.
1397 2581 1432 2652 of
1452 2584 1540 2653 antiq.

244 2693 301 2736 ser.
326 2679 361 2752 44,
381 2684 397 2736 2
422 2671 527 2754 (4863)
553 2695 584 2749 p.
606 2683 665 2736 269
690 2679 920 2747 accitanam
945 2681 1066 2751 imagine
1088 2681 1305 2753 xylographica.

286 2798 410 2853 Litterae
439 2797 585 2854 inlidendo
608 2813 794 2869 compressae
823 2804 890 2854 sunt
919 2814 1081 2870 parumque
1104 2800 1217 2873 444444,
1249 2802 1373 2856 maxime
1395 2803 1425 2856 in
1448 2817 1479 2868 o;
1514 2805 1545 2856 in

201 2915 269 2956 area
298 2917 312 2956 4
338 2899 498 2957 litterarum
527 2916 595 2970 pars
622 2900 708 2971 periit
736 2916 771 2957 ec
799 2901 878 2971 quod
910 2916 1009 2973 margo
1042 2917 1208 2974 compressa
1239 2909 1293 2960 est.
1350 2899 1413 2970 Quo
1442 2903 1544 2960 ordine

201 3003 307 3074 singuli
334 3017 436 3059 versus
466 3002 582 3074 legendi
611 3005 684 3069 sint,
718 3017 775 3059 non
804 3009 928 3060 constat.
976 3005 1108 3061 Fortasse
1135 3010 1193 3060 est:
1238 2997 1366 3081 [4444444]
1403 3001 1478 3075 (nan
1508 3005 1544 3061 de

202 3105 301 3162 Fulvia
324 3105 450 3175 cogitare
472 3119 530 3161 non
553 3097 661 3180 licebit)
683 3103 784 3161 Octavi
804 3105 880 3179 [4444
899 3098 962 3183 (pro
983 3099 1121 3182 fclanaP).
1162 3107 1309 3164 Fortnumi
1329 3100 1422 3184 (cuius
1443 3109 1547 3166 lectio-

202 3222 269 3264 nem
292 3215 363 3276 tum,
390 3224 456 3264 cum
478 3208 612 3279 glandem
631 3207 701 3275 vidi,
727 3208 855 3266 nondum
879 3203 1028 3284 noveram)
1051 3210 1250 3281 apographum
1274 3217 1318 3267 est
1339 3210 1412 3265 tale:

705 3319 1031 3403 44’4444444

678 3441 836 3521 Q

202 3621 310 3708 61[=
325 3633 412 3705 Corp.
430 3636 441 3689 l
463 3650 494 3690 n.
514 3629 587 3707 683]
619 3642 733 3691 trovato
754 3636 888 3692 initalia
910 3649 989 3692 Νοτ.
1010 3629 1127 3710 [deinde
1149 3635 1227 3707 apud
1249 3635 1442 3702 Dodwellum,
1468 3650 1546 3691 nnnc

266 3735 295 3790 in
317 3751 419 3793 museo
441 3737 607 3794 llonaoensi
630 3753 659 3792 n.
681 3731 768 3813 686].
816 3737 924 3794 Pendet
951 3729 1071 3812 (integra
1094 3731 1148 3814 est)
1177 3741 1214 3794 63
1232 3754 1289 3808 gr.,
1323 3737 1409 3808 longa
1434 3741 1542 3805 utet,

268 3853 365 3894 crassa
390 3843 486 3908 44,(449
511 3843 539 3894 44
564 3843 676 3908 0,0lo;
703 3840 732 3895 in
754 3841 846 3896 antica
869 3844 952 3911 parte
974 3840 1096 3895 duarum
1119 3854 1252 3895 arearum
1275 3844 1329 3895 est.

612 3985 712 4118 ῗέτιῖ,
781 4029 812 4083 ia
835 4043 936 4083 444444
955 4033 1058 4099 parte:
1105 4039 1164 4082 tax

204 4211 274 4270 Tab.
300 4213 361 4269 Vlll
380 4217 407 4268 l.
453 4215 610 4285 Descripsi.
636 4195 679 4254 -“-
701 4215 801 4272 Ν44444
829 4231 879 4270 aar
902 4214 927 4269 lc
948 4213 1041 4271 4444444
1063 4214 1193 4271 Dcdwell
1218 4218 1298 4271 4834
1327 4231 1358 4285 p.
1379 4218 1416 4271 24
1441 4228 1472 4268 n.
1492 4219 1542 4281 38,

203 4315 241 4371 44.
274 4314 412 4386 Borghesi
441 4315 511 4372 ibid.
543 4319 579 4374 ad
608 4332 637 4373 n.
666 4321 704 4373 86
738 4308 816 4392 (inde
845 4316 882 4372 de
904 4316 1017 4372 llinicis
1045 4323 1067 4371 t.
1092 4317 1127 4383 ll,
1163 4319 1201 4372 39
1232 4316 1334 4372 litteris
1364 4315 1542 4387 vulgaribus

202 4432 232 4487 p.
254 4421 309 4475 224
331 4434 360 4473 n.
382 4422 398 4475 3
423 4423 451 4472 44
473 4434 503 4488 p.
524 4422 600 4488 222;
626 4417 734 4474 Helner
758 4416 902 4474 04444444.
926 4418 1029 4474 Arellio
1052 4421 1081 4483 4,
1103 4420 1162 4476 284
1179 4421 1309 4474 =rdm.
1327 4418 1439 4489 chern
1467 4422 1544 4476 4852

203 4533 232 4589 p.
253 4523 313 4578 242
340 4534 368 4574 n.
389 4521 465 4590 394;
491 4520 630 4578 Garrucci
653 4535 682 4576 n.
706 4513 817 4596 4400);
843 4521 1002 4577 Mommsen
1025 4519 1111 4590 corp.
1131 4520 1142 4573 4
1164 4535 1194 4574 n.
1214 4524 1287 4576 383.

288 4620 377 4677 Phalli
400 4619 492 4691 figura
519 4615 753 4698 (quampriores
775 4615 941 4698 omiserant)
968 4623 1046 4679 clare
1074 4623 1248 4692 agnoscitur,
1281 4623 1411 4694 itemque
1435 4627 1547 4678 certum

202 4731 245 4779 est
274 4738 330 4778 nex
366 4719 393 4796 (ι
423 4724 527 4794 angulo
558 4725 688 4782 nonnihil
714 4742 731 4780 a
761 4723 902 4795 quadrato
931 4716 1127 4800 discedente),
1164 4723 1243 4795 quod
1269 4725 1326 4780 iam
1353 4724 1547 4780 llommsenus

202 4825 333 4896 quamvis
356 4824 492 4882 dubitans
516 4827 624 4897 legerat
644 4822 716 4904 (xvi
732 4825 854 4896 catalogi
868 4826 976 4883 Dcdw.
995 4821 1120 4904 anctor);
1147 4825 1186 4883 cl.
1204 4826 1339 4894 glandem
1361 4832 1544 4896 sequentem.

287 4928 483 4985 llommaenus
513 4929 630 4986 adnotat
658 4928 747 4985 haec:
793 4914 928 4984 ‘Omnino
958 4926 1187 4985 Antonianorum
1215 4928 1305 4998 haec;
1336 4929 1368 4985 C.
1393 4928 1547 4985 Caesarem

202 5031 279 5085 enim
302 5031 353 5101 qui
369 5028 519 5088 Octavium
542 5029 698 5104 appellant,
724 5037 831 5101 negant
852 5047 920 5087 eum
938 5032 997 5087 divi
1012 5031 1077 5087 lulii
1098 5035 1269 5086 testamento
1284 5029 1450 5101 adoptatum
1465 5045 1545 5101 esse;

201 5131 239 5187 cl.
258 5130 318 5188 Cic.
337 5131 373 5187 ad
389 5131 446 5189 Att.
465 5137 514 5202 44,
534 5136 581 5201 42,
599 5138 633 5193 t:
658 5131 803 5190 nobiscum
818 5134 863 5190 444
878 5163 922 5174 -
944 5132 1088 5200 Octauius,
1114 5147 1194 5204 quem
1211 5133 1323 5204 quidem
1337 5135 1383 5188 sui
1398 5132 1547 5189 Caesarem

200 5232 382 5302 4444444444,
414 5235 558 5308 Philippeo
585 5253 659 5305 non,
692 5238 788 5308 itaque
812 5252 847 5292 44
875 5252 928 5292 nos
950 5235 1071 5308 quidam.
1119 5231 1266 5289 Octaviani
1292 5234 1408 5291 nomine
1430 5238 1462 5291 ut
1484 5236 1547 5307 ipse

202 5337 241 5391 ita
263 5337 293 5392 in
315 5351 450 5394 sermone
473 5339 600 5407 legitimo
616 5338 718 5396 Cicero
734 5352 851 5408 quoque
867 5335 1014 5407 abstinuit,
1041 5336 1093 5393 sed
1116 5338 1145 5391 ln
1168 5337 1298 5406 epistulis
1313 5353 1379 5392 cum
1395 5337 1547 5409 aliquoties
