3902 6238
690 643 888 693 PRAEFATIO.
1358 654 1468 703 xxxv

205 816 373 895 Asculani,
400 817 450 878 cui
466 826 603 896 praeest,
629 813 761 896 glandes
776 834 834 878 sex
855 816 939 895 ligno
955 815 1088 877 incisas:
1115 835 1146 876 u.
1166 819 1196 896 4,
1217 838 1241 880 4.
1268 819 1298 897 9,
1318 840 1341 882 e.
1369 819 1420 897 48,
1441 840 1465 881 4.

205 921 258 997 84,
272 939 295 982 s.
314 919 366 997 83,
380 937 405 980 4.
424 915 494 996 70*,
512 939 525 980 4
546 917 587 999 [p.
608 915 670 979 447
687 917 775 979 adn.
793 917 853 978 70*
869 917 925 978 lin.
943 918 1086 998 paenult.
1104 937 1162 998 pro
1175 910 1229 981 ‘et’
1243 921 1348 982 scribe
1362 911 1463 1002 ‘aut'].

112 1024 220 1086 Iulius
250 1023 411 1084 Garamam
449 1023 483 1082 in
515 1023 588 1100 eph.
612 1003 770 1082 Asculana
799 1021 882 1082 L’cco
912 1019 961 1083 dei
994 1021 1102 1083 Trooto
1140 1019 1180 1083 87
1206 1022 1289 1104 Aug.
1323 1022 1406 1085 4876
1436 1034 1467 1086 44

207 1127 248 1186 86
264 1125 345 1205 Aug.
367 1122 449 1186 4877
469 1124 591 1186 rettulit
605 1123 646 1186 de
663 1124 785 1204 ingenti
807 1123 972 1204 glandium
987 1142 1121 1185 numero
1136 1135 1260 1205 reperto
1285 1125 1313 1206 4)
1334 1146 1363 1188 4.
1383 1126 1466 1187 4876

207 1230 291 1289 inter
313 1236 443 1308 pontem
463 1226 496 1288 di
512 1225 600 1288 Cocco
623 1233 655 1288 et
676 1234 804 1305 pontem
828 1244 924 1306 quem
947 1237 1061 1288 vocant
1083 1228 1251 1307 maiorem,
1281 1229 1310 1309 8)
1340 1230 1466 1291 40-48
1544 1237 1546 1242 “

205 1330 289 1410 Aug.
322 1326 405 1390 4877
442 1327 482 1391 44)
505 1329 648 1410 Eugenio
681 1337 712 1390 et
744 1328 854 1392 Iacobo
883 1329 987 1391 4444444
1018 1329 1169 1393 iratribus
1200 1349 1299 1411 prope
1328 1331 1466 1394 eundem

207 1435 310 1494 locum
332 1451 429 1512 supra
453 1432 535 1492 4900
560 1429 692 1511 glandes
713 1432 893 1494 litterarum
916 1433 1060 1512 vestigiis
1083 1431 1151 1494 lere
1178 1441 1321 1496 carentes
1343 1453 1464 1499 omnes

114 1569 206 1584 --
229 1533 310 1597 ibid.
347 1535 386 1596 83
410 1534 486 1596 Dec.
513 1533 596 1595 4877
630 1536 732 1596 musei
766 1532 916 1596 Asculani
948 1534 1082 1614 glandes
1119 1543 1227 1598 contra
1262 1535 1467 1601 Garruecium

210 1637 333 1718 (0444444
357 1638 496 1700 cattolico
517 1638 554 1715 X,
583 1639 601 1698 4
624 1657 658 1718 p.
682 1633 755 1718 740)
783 1634 878 1698 fidem
908 1655 1017 1700 earum
1044 1637 1206 1699 infirmare
1229 1649 1349 1701 temere
1372 1660 1467 1703 cona-

205 1750 274 1802 tum
296 1740 474 1801 rectissime
497 1737 651 1802 defendit.
678 1774 720 1784 -
742 1737 790 1800 (44.
816 1759 849 1818 p.
875 1739 927 1799 93.

113 1852 259 1904 -et
281 1843 316 1904 G.
343 1845 584 1921 Zaausuusran,
617 1843 704 1904 scooi
722 1860 780 1922 per
804 1839 936 1923 phioode
957 1841 1070 1904 missili
1094 1845 1221 1924 esequiti
1242 1844 1274 1904 in
1296 1840 1467 1908 444444-Ρὶ-

205 1965 276 2009 caoo
300 1945 437 2027 (40-48
460 1947 550 2027 Sept.
577 1943 683 2026 4877),
716 1943 856 2006 44414444.
882 1943 950 2006 dcil’
972 1946 1049 2007 44444.
1077 1942 1159 2006 4877
1183 1967 1214 2025 p.
1243 1945 1304 2007 478
1327 1965 1398 2029 sqq.
1423 1983 1467 1993 -

204 2047 285 2112 Vide
308 2068 341 2128 p.
360 2049 378 2107 5
395 2066 445 2128 sq.

114 2186 204 2199 —-
226 2152 315 2213 scaci
340 2169 397 2231 per
424 2149 556 2233 pdiaade
582 2149 694 2212 missili
722 2151 756 2212 io
777 2145 1003 2212 dcccli-Piceno
1037 2146 1153 2231 (9-80
1177 2151 1265 2230 Sept.
1294 2151 1401 2234 4879),
1434 2155 1466 2216 in

204 2253 290 2315 Ball.
315 2253 383 2314 dcll’
407 2253 486 2314 lost.
512 2252 595 2312 4879
618 2271 650 2332 p.
672 2252 733 2313 490
750 2270 822 2333 sqq.
851 2285 889 2298 ·-
913 2252 991 2315 Vide
1013 2273 1045 2333 p.
1066 2253 1094 2312 6.

116 2357 154 2420 G.
181 2359 212 2417 F.
241 2355 427 2432 0444444444,
460 2353 627 2435 appendice
657 2354 690 2416 al
711 2356 835 2435 Corpus
858 2356 956 2417 lnscr.
982 2356 1050 2417 ltal.
1076 2355 1111 2417 di
1132 2355 1278 2418 Fabrelli.
1312 2357 1406 2420 4880.
1433 2359 1464 2422 4.

204 2493 244 2504 -
267 2456 347 2520 Vide
369 2477 402 2536 p.
420 2457 501 2518 xix.

115 2597 204 2610 ——
227 2563 261 2622 in
282 2561 444 2648 Bullattiao
467 2560 537 2622 dell’
559 2562 636 2622 lost.
662 2561 744 2621 4868
767 2581 800 2641 p.
822 2561 882 2621 488
898 2579 971 2642 sqq.
995 2559 1139 2622 —Vide
1160 2579 1193 2640 p.
1212 2561 1291 2623 XIX.

116 2682 258 2763 Raphael
280 2680 449 2759 Gannrccr,
486 2680 499 2740 i
524 2678 640 2760 piombi
667 2679 781 2743 antichi
808 2679 936 2742 raccolti
963 2679 1018 2742 dul
1046 2678 1135 2741 card.
1166 2678 1313 2743 Lodouico
1344 2679 1465 2747 Alticri.

203 2785 299 2846 Roma
325 2782 420 2843 4847.
446 2782 477 2843 4.
501 2815 546 2828 -
566 2781 645 2844 Vide
668 2801 701 2843 n.
721 2784 772 2862 68,
790 2804 815 2844 4.

117 2921 220 2960 --,
248 2887 367 2968 444444
387 2885 464 2946 delle
493 2883 592 2966 lapidi
621 2885 714 2946 lotioe
742 2885 948 2967 volpormcotc
975 2883 1049 2946 detti
1077 2885 1202 2946 4444444.
1250 2886 1346 2950 Roma
1370 2887 1465 2948 4847.

207 2987 285 3050 Vide
307 3006 340 3048 n.
359 2988 411 3064 84,
431 3008 455 3049 4.
501 2987 602 3049 Attuli
625 3005 666 3047 cx
688 2987 850 3049 liitschelii
878 3007 953 3069 opp.
978 2987 1018 3048 lV
1039 3005 1073 3067 p.
1092 2988 1166 3050 389.

116 3125 220 3168 --,
246 3090 411 3152 9444444444
433 3089 501 3152 dell
526 3092 604 3152 lost.
632 3090 714 3150 4866
738 3111 771 3170 p.
791 3090 831 3151 88
857 3109 928 3172 sqq.
951 3087 1095 3152 —Vide
1119 3089 1189 3170 874,
1208 3110 1237 3168 44
1267 3091 1306 3153 80
1335 3090 1462 3176 (susp.);

206 3194 247 3255 86
271 3203 350 3270 not.;
379 3194 440 3256 448
465 3191 593 3274 (susp).

117 3332 221 3376 ---,
257 3296 368 3359 Giviltd
395 3295 536 3358 cottolioo
556 3297 618 3357 Xi
647 3293 751 3377 (4877)
778 3316 811 3376 4).
831 3294 891 3356 740
917 3313 1003 3376 sqq,
1029 3295 1091 3356 Xd
1119 3295 1225 3378 (4878)
1248 3317 1281 3378 4).
1300 3295 1362 3358 787
1378 3316 1464 3380 sqq,

205 3400 247 3460 Xl
274 3397 420 3481 (4880)4
455 3417 487 3479 p.
506 3399 581 3461 468.
638 3397 717 3461 Vide
745 3419 778 3478 p.
803 3398 931 3476 XXVll;
964 3418 996 3479 p.
1024 3399 1082 3475 93;
1125 3418 1158 3461 n.
1181 3399 1239 3477 593
1277 3401 1466 3462 82*-8l*.

206 3503 276 3564 9l*.
303 3503 373 3565 92*.
1000 3512 1003 3520 '

118 3641 223 3682 —,
250 3604 374 3686 Sylloge
398 3603 642 3683 inscriptionum
656 3603 841 3664 Latinarum
864 3604 935 3665 aevi
950 3604 1107 3665 Romanae
1130 3604 1177 3664 rei
1200 3603 1359 3684 publicae.
1385 3603 1467 3686 Aug.

205 3707 414 3769 Taurinorum
433 3703 527 3785 4877,
553 3705 611 3768 sed
626 3705 702 3768 fasc.
721 3706 740 3766 8
768 3703 812 3786 (4).
831 3703 893 3766 847
911 3724 981 3788 sqq.
1000 3732 1042 3760 =
1058 3725 1091 3767 n.
1112 3706 1173 3766 9844
1197 3705 1279 3788 sqq.)
1307 3724 1390 3766 anno
1412 3706 1470 3769 de-

206 3828 293 3872 mum
316 3808 399 3870 4878
431 3808 558 3890 prodiit.
590 3808 732 3889 Sylloges
754 3826 787 3869 n.
806 3808 977 3870 900-908
1008 3808 1049 3869 44)
1079 3806 1246 3870 Garruccio
1276 3808 1470 3873 exhibentur

206 3911 335 3992 glandes
358 3912 502 3976 Siculae.
530 3909 700 3972 935-978
724 3911 872 3984 Picenae,
900 3911 1112 3972 4084-4404
1138 3912 1318 3973 Perusinae.
1371 3914 1470 3974 Tran-

207 4015 335 4097 scripsit
357 4013 423 4076 iere
447 4013 612 4076 materiam
634 4012 675 4075 ab
700 4013 890 4074 Mommseno
920 4013 1082 4077 collectam
1104 4013 1259 4076 librorum
1290 4015 1470 4077 testimonia

208 4117 352 4196 afferens,
380 4135 464 4198 quos
480 4117 549 4196 ipse
565 4133 629 4178 non
645 4115 821 4194 consuluit3
848 4113 998 4177 videlicet
1012 4117 1050 4195 si,
1077 4123 1114 4179 ut
1129 4118 1311 4198 exemplum
1327 4116 1467 4197 afferam,

205 4219 303 4300 Lipsil
331 4217 555 4281 Poliocreticon
577 4217 752 4281 editionem
775 4217 849 4280 enni
868 4217 950 4277 4596
972 4217 1180 4298 inspexisset,
1207 4219 1240 4280 in
1264 4237 1301 4280 ea
1323 4218 1470 4298 glandem

208 4340 241 4383 n.
261 4321 298 4382 43
327 4321 429 4403 (Gerr.
454 4340 488 4383 n.
506 4321 579 4403 944)
613 4322 780 4383 memorari
815 4339 878 4381 non
902 4321 982 4382 foret
1015 4319 1120 4383 denuo
1149 4329 1294 4384 testatus.
1353 4323 1389 4385 ln
1413 4322 1467 4402 iis,

209 4441 290 4505 quae
313 4423 353 4486 de
377 4443 434 4486 suo
456 4424 649 4487 Garruccius
671 4422 811 4501 addidit,
838 4423 949 4484 insunt
963 4423 1178 4503 neclegentiae
1199 4426 1361 4506 exempla,
1388 4443 1471 4505 quae
1521 4496 1524 4500 ,

208 4524 343 4589 eumad
374 4526 436 4588 alia
466 4534 612 4607 spectant
634 4534 702 4587 tum
725 4523 767 4587 ad
797 4524 950 4604 originem
975 4523 1028 4586 vel
1050 4544 1197 4588 museum
1226 4527 1304 4588 ialso
1332 4526 1470 4590 indicata

209 4628 267 4707 (444.
294 4647 343 4710 gr.
377 4630 406 4706 6,
421 4648 467 4706 444
502 4629 556 4706 43,
584 4629 637 4708 89,
656 4647 685 4708 ²3
710 4628 763 4705 38,
784 4626 821 4710 4).
869 4625 1007 4689 Glandes
1030 4645 1092 4689 non
1116 4647 1232 4709 paucas
1255 4629 1326 4710 ipse
1349 4631 1471 4692 exami-

206 4730 311 4810 navit,
349 4730 406 4794 sed
438 4730 524 4811 quod
554 4729 681 4793 efficere
705 4729 821 4810 voluit,
847 4738 883 4791 ut
904 4718 955 4789 ‘ne
979 4727 1102 4791 diutius
1124 4739 1291 4812 corruptae
1318 4726 1468 4795 ierantud

211 4833 253 4914 (4).
271 4832 335 4893 att
353 4831 462 4914 4444),
488 4831 521 4895 id
538 4833 698 4913 siparum
721 4833 861 4913 contigit.
907 4832 984 4893 Nam
1002 4832 1118 4895 multas
1133 4833 1285 4897 lectiones
1308 4834 1403 4896 falsas
1419 4834 1470 4894 vel

207 4955 247 4997 ex
266 4935 432 5016 prioribus
461 4937 592 5016 repetiit
614 4936 664 4997 vel
694 4937 762 5016 ipse
789 4933 934 5012 induxit,
972 4953 1077 5015 neque
1107 4936 1205 4998 ullam
1233 4934 1396 5016 glandium
1419 4935 1472 4996 in-

207 5038 413 5118 scriptionem
436 5039 520 5100 lectu
550 5036 762 5100 difficiliorem
792 5038 887 5118 plane
910 5036 1066 5117 expediit.
1120 5039 1233 5119 ltaque
1263 5038 1340 5099 falso
1374 5039 1471 5100 lectas

207 5139 308 5202 edidit
323 5140 381 5203 has
400 5138 546 5224 (quarum
562 5139 729 5202 duodecim
742 5141 812 5221 ipse
826 5137 914 5222 vidit)
929 5162 935 5201 ε
954 5140 1032 5220 Syll.
1052 5141 1108 5201 904
1133 5139 1231 5222 (apud
1246 5159 1303 5202 nos
1317 5159 1349 5202 n.
1371 5141 1400 5219 l,
1415 5139 1469 5223 44);

206 5244 267 5304 980
295 5243 337 5324 (9,
358 5240 413 5324 44);
455 5243 512 5304 944
545 5242 608 5325 (48,
627 5241 671 5324 4);
709 5243 771 5306 948
799 5241 839 5325 (9,
855 5241 907 5323 44);
946 5244 1008 5303 946
1033 5241 1117 5324 (44);
1158 5241 1219 5304 957
1247 5241 1381 5325 (444,4);
1409 5243 1471 5303 959

210 5345 271 5424 (84,
288 5345 344 5425 44);
372 5346 433 5407 967
455 5345 517 5427 (86,
532 5343 578 5426 4);
608 5345 668 5406 970
691 5344 752 5427 (38,
772 5343 815 5426 4);
844 5345 899 5405 974
932 5345 994 5426 (30,
1013 5365 1037 5407 4.
1057 5365 1082 5408 a.
1102 5342 1146 5427 4);
1181 5344 1242 5407 976
1271 5343 1352 5428 (88);
1387 5346 1465 5406 4084

1244 5463 1260 5496 d

1228 5478 1243 5516 0
