3902 6238
634 628 677 676 nn
695 627 868 686 nnnrovnn
886 629 1042 681 11011111.
1493 623 1514 692 9

165 817 307 900 11111111),
342 823 374 878 P.
393 816 556 898 1111111102)
591 822 626 879 ad
650 824 829 880 Falerionem
857 832 984 882 montem
1014 825 1052 882 ab
1081 828 1175 898 iisque
1204 828 1372 898 compulsus
1401 831 1429 884 in
1452 831 1537 886 Pir-.

165 943 248 984 mum
271 926 415 984 coloniam
435 917 579 999 (Latinam)
601 927 737 983 Romanis
756 927 841 983 lidam
857 943 890 983 se
912 930 1023 999 recepit
1043 922 1127 1004 (App.
1150 933 1177 999 1,
1200 923 1263 1007 17),
1282 929 1335 986 ubi
1352 949 1368 986 a
1384 932 1516 989 lairenio

163 1031 307 1088 obsessus
330 1034 383 1086 est.
423 1028 489 1084 lllox
511 1033 664 1099 postquam
687 1030 761 1085 alter
782 1032 927 1086 exercitus
949 1031 979 1086 in
1001 1031 1139 1086 auxilinm
1161 1031 1287 1101 advenit,
1314 1034 1376 1103 ipse
1398 1041 1427 1092 et
1448 1035 1516 1092 Sul-

164 1134 261 1205 picius
283 1139 341 1188 tam
363 1149 379 1188 a
394 1132 489 1189 fronte
504 1146 591 1204 quam
607 1131 644 1188 ab
661 1138 741 1203 tergo
764 1132 858 1190 adorti
873 1134 1006 1190 Picentes
1024 1138 1102 1203 grau
1119 1135 1230 1204 proelio
1245 1136 1383 1194 fuderunt
1398 1140 1516 1195 castris-

163 1251 227 1306 que
249 1251 350 1293 eornm
373 1234 500 1291 incensis
523 1240 552 1291 et
573 1235 706 1292 Lairenio
729 1239 759 1291 in
780 1237 843 1292 acie
866 1238 963 1293 occiso
987 1237 1162 1303 effecerunt,
1189 1244 1222 1293 ut
1243 1239 1283 1294 illi
1305 1240 1369 1295 sine
1395 1240 1475 1298 duce
1499 1258 1515 1298 e

163 1339 271 1396 ordine
286 1337 436 1406 Asculum,
461 1338 684 1394 munitissimum
695 1330 716 1412 3)
737 1336 887 1409 oppidum,
913 1334 1145 1412 confugerent⁴).
1186 1340 1306 1412 Propter
1320 1356 1408 1412 quam
1423 1345 1517 1400 victo-

163 1444 241 1498 riam
264 1441 371 1498 Romae
392 1440 488 1496 luctus
509 1439 610 1496 habitu
633 1439 765 1510 deposito
787 1445 955 1512 praetextae
978 1448 1006 1497 et
1028 1448 1125 1498 cetera
1154 1445 1373 1513 magistratuum
1395 1446 1515 1518 insignia

165 1551 285 1616 sumpta
308 1539 421 1620 sunt⁵).
457 1545 512 1599 Diu
534 1543 674 1612 deinceps
689 1544 853 1614 Pompeius,
879 1546 993 1601 interim
1017 1547 1119 1602 consul
1141 1546 1234 1603 iactus
1257 1563 1284 1602 a.
1305 1552 1376 1619 665,
1404 1547 1517 1606 obsedit

163 1639 358 1722 Asculum⁸);
393 1647 430 1702 de
458 1649 541 1703 cuius
572 1646 731 1703 obsidionis
760 1646 1009 1705 vicissitudinibus
1039 1649 1110 1705 nihil
1133 1649 1194 1705 iere
1216 1649 1354 1706 traditum
1375 1649 1517 1708 habemus

165 1752 223 1806 nisi
247 1749 328 1821 quod
349 1749 502 1805 Frontinus
525 1755 606 1805 strat.
627 1753 656 1819 3,
685 1753 734 1820 17,
756 1756 771 1807 8
793 1749 952 1808 Asculanos
975 1753 1159 1821 eruptionem
1180 1767 1321 1809 successu
1343 1754 1380 1809 ad
1403 1761 1517 1826 tempus

165 1854 245 1910 lelici
272 1853 378 1908 iecisse
405 1859 556 1908 memorat.
603 1854 737 1925 Denique
767 1855 943 1924 expugnavit
972 1854 1072 1910 consul
1102 1856 1241 1924 oppidum
1269 1855 1378 1927 duplici
1407 1857 1516 1928 proelio

165 1956 259 2013 altero
281 1956 382 2011 Marsis
409 1947 482 2031 (per.
503 1959 541 2012 71
566 1949 673 2031 med),
700 1956 790 2013 altero
814 1954 978 2013 Picentibus
1000 1957 1103 2014 eadem
1126 1957 1173 2013 die
1195 1951 1288 2032 (Oros
1308 1951 1325 2034 §
1343 1957 1394 2030 21)
1418 1962 1513 2029 110111,

166 2058 288 2130 quadie
305 2060 381 2115 circa
396 2056 535 2114 Asculum
555 2060 686 2130 quinque
705 2064 734 2115 et
748 2062 930 2130 septuaginta
952 2059 1030 2116 milia
1047 2061 1152 2117 civium
1167 2062 1373 2130 Romanorum,
1393 2063 1517 2134 amplius

165 2162 315 2232 sexaginta
338 2161 415 2217 milia
436 2161 573 2218 italorum
596 2160 789 2218 conflixerunt
816 2155 897 2237 (Vell.
918 2168 946 2230 i,
969 2155 1034 2237 11).
1081 2161 1123 2220 Ac
1144 2165 1304 2222 Marsorum
1326 2165 1446 2236 quidem
1469 2166 1517 2223 illo

165 2265 278 2336 proelio
294 2249 394 2320 ‘lllllll
416 2265 494 2320 milia
517 2279 585 2320 cum
600 2265 710 2322 l'rauco
731 2257 783 2340 (sic
800 2257 926 2341 codices)
948 2267 1123 2337 imperatore
1145 2283 1198 2324 suo
1222 2283 1307 2325 caesa
1330 2276 1407 2340 sunt,
1434 2275 1517 2340 capta

166 2369 221 2423 tria
242 2367 337 2435 milia;
363 2373 500 2437 quattuor
522 2367 599 2422 milia
621 2373 718 2424 antem
733 2368 824 2424 ltalici
846 2368 901 2424 viri
925 2385 960 2423 ex
983 2385 1016 2424 ea
1039 2369 1130 2426 caede
1152 2370 1265 2442 profugi
1289 2374 1389 2444 iugum
1412 2375 1518 2430 montis

167 2470 408 2538 conscenderant,
433 2470 485 2526 ubi
513 2472 647 2542 oppressi
674 2473 886 2542 exanimatique
913 2471 1029 2527 nivibus
1050 2472 1208 2529 miserabili
1238 2480 1331 2531 morte
1357 2461 1518 2546 riguerunt'

171 2567 267 2648 (Oros.
294 2564 312 2648 ᾗ
339 2578 374 2630 18
399 2567 473 2649 sep).
522 2574 589 2631 Post
610 2575 770 2630 Picentium
803 2573 914 2630 cladem
944 2574 1003 2629 dux
1026 2590 1126 2631 eorum
1150 2575 1321 2646 Vidacilius,
1354 2575 1516 2634 Asculanus

166 2691 292 2747 genere,
326 2662 501 2733 ‘convocatis
529 2675 711 2748 principibus
740 2679 800 2733 suis
830 2683 898 2746 post
925 2678 1092 2748 magnificas
1117 2678 1218 2747 epulas
1244 2678 1382 2750 largaque
1413 2680 1517 2750 pocula

167 2785 290 2836 cunctos
320 2778 355 2834 ad
387 2779 554 2850 exemplum
582 2781 628 2836 sni
656 2795 819 2851 provocans
841 2779 944 2836 hausto
966 2795 1080 2837 veneno
1111 2781 1282 2852 absumptus
1311 2789 1369 2851 est,
1404 2785 1517 2840 cunctis

166 2883 275 2938 lactum
292 2884 354 2938 eius
369 2881 554 2939 laudantibus
577 2882 628 2938 sed
649 2883 765 2938 nemine
788 2869 999 2955 subsequente’
1017 2875 1111 2959 (Oros.
1130 2877 1147 2960 §
1166 2886 1216 2952 tt,
1243 2885 1280 2941 ci.
1300 2884 1376 2957 App.
1399 2891 1426 2955 1,
1448 2879 1513 2959 18).

168 2971 332 3056 ‘Pompeius
343 2983 481 3041 Asculum
496 2986 643 3056 ingressus
659 2986 832 3055 praefectos,
853 2987 1038 3043 centuriones
1054 2994 1235 3060 cunctosque
1249 2991 1397 3061 principes
1414 3005 1515 3046 eornm

166 3091 256 3159 virgis
279 3088 385 3144 cecidit
407 3089 564 3159 securique
586 3089 740 3158 percussit,
756 3103 870 3145 ‘servos
889 3089 1087 3160 praedamque
1106 3106 1223 3147 omnem
1245 3091 1300 3148 sub
1315 3092 1398 3148 hasta
1414 3092 1517 3149 vendi-

167 3191 218 3259 dit,
238 3191 367 3260 reliquos
382 3190 492 3246 liberos
507 3189 626 3261 quidem
649 3190 700 3246 sed
723 3190 816 3247 nudos
839 3197 868 3247 et
890 3196 1008 3263 egentes
1031 3191 1112 3248 abire
1135 3181 1295 3265 praecepit³
1313 3188 1407 3272 (0101.
1427 3187 1445 3271 ξ
1462 3199 1512 3262 16;

167 3293 205 3349 ci.
230 3309 296 3363 per.
316 3285 381 3366 70).
400 3291 542 3349 -Anno
566 3297 626 3350 665
642 3293 678 3348 Vl
701 3293 758 3348 kal.
777 3294 837 3349 lan.
856 3294 1010 3364 Pompeius
1034 3296 1134 3352 consul
1156 3311 1195 3351 ns
1210 3309 1395 3352 ascvnausis
1410 3311 1517 3354 ricen-

166 3407 253 3450 rinvs
275 3394 466 3464 triumphavit
486 3387 564 3470 (Acta
584 3395 722 3466 triumph.
742 3396 827 3466 Corp.
845 3397 903 3467 lp.
926 3388 1011 3471 160),
1038 3399 1068 3452 in
1086 3412 1144 3468 quo
1167 3399 1314 3470 triumpho
1338 3400 1412 3454 inter
1435 3403 1517 3456 cete-

166 3513 214 3554 ms
236 3497 268 3552 P.
287 3497 438 3554 Ventidius
462 3499 491 3553 P.
510 3499 532 3554 l.
549 3513 625 3568 puer
644 3489 732 3572 (haud
754 3497 844 3555 dubie
866 3498 896 3554 P.
912 3499 1037 3555 Ventidii
1060 3502 1202 3569 praetoris
1224 3501 1315 3557 ltalici
1337 3495 1422 3578 filius)
1449 3509 1516 3558 ante

166 3615 286 3656 currum
308 3603 492 3672 imperatoris
514 3603 580 3656 sinn
602 3601 701 3657 matris
723 3606 825 3657 vectus
848 3607 892 3657 est
919 3594 1004 3676 (Geli.
1027 3607 1074 3670 15,
1098 3605 1131 3670 1;
1162 3603 1232 3659 Plin.
1259 3620 1289 3659 n.
1308 3603 1338 3660 11.
1360 3607 1377 3660 7
1401 3597 1510 3679 §l35;

166 3701 226 3757 l'al.
245 3703 321 3757 Max.
342 3707 370 3770 0,
392 3708 421 3771 0,
443 3695 487 3776 9),
513 3707 613 3774 postea
633 3696 670 3778 (a.
691 3697 762 3778 716)
791 3706 854 3775 ipse
877 3703 1106 3776 triumphaturus
1129 3705 1166 3760 de
1182 3706 1303 3762 Parthis.
1330 3734 1369 3745 -
1394 3705 1515 3776 Captum
1601 3695 1606 3703 ’

168 3806 253 3876 igitur
276 3804 418 3876 oppidum
441 3811 486 3861 est
507 3804 562 3862 sub
584 3804 672 3860 finem
696 3807 763 3861 anni
787 3809 846 3862 666
870 3805 967 3862 hieme
989 3808 1046 3861 iam
1069 3809 1236 3878 ingruente,
1267 3807 1396 3865 obsideri
1418 3814 1516 3864 autem

167 3906 284 3963 videtur
306 3913 443 3977 coeptum
473 3921 537 3962 esse
561 3909 617 3962 iam
639 3922 714 3964 anno
740 3911 811 3964 661.

252 4009 296 4064 Ex
318 4009 373 4064 bac
397 4008 531 4064 diuturna
547 4006 646 4064 Asculi
668 4009 805 4067 obidione
827 4013 999 4080 superstites
1021 4018 1089 4069 sunt
1110 4012 1240 4084 glandes,
1267 4029 1392 4085 quarum
1414 4016 1514 4085 ingens

167 4127 307 4168 numerus
335 4109 377 4166 ibi
405 4115 538 4181 repertus
565 4117 608 4167 est
634 4113 848 4183 reperiturque.
897 4115 1008 4170 Paucae
1030 4122 1183 4186 praeterea
1205 4121 1281 4184 sunt,
1309 4132 1385 4187 quae
1408 4119 1438 4172 in
1460 4132 1516 4174 no-

167 4215 253 4270 minis
282 4215 385 4270 incerti
415 4213 523 4285 oppido
553 4214 726 4282 castellone,
752 4213 804 4270 ubi
827 4231 904 4272 nunc
929 4217 1078 4290 Gorrcpoti
1103 4219 1189 4274 situm
1212 4224 1273 4286 est,
1299 4224 1349 4274 aut
1378 4221 1407 4274 in
1428 4220 1516 4276 Firmi

167 4317 321 4374 obsidione
344 4315 391 4372 illa
413 4316 560 4373 adhibitae
582 4331 648 4372 esse
670 4317 834 4375 videantur.
862 4319 1061 4390 ¹characteres
1076 4321 1296 4391 inscriptionum
1311 4319 1382 4376 belli
1400 4322 1515 4378 socialis

167 4421 292 4490 tempori
315 4419 432 4475 omnino
455 4421 632 4476 conveniunt
654 4435 750 4490 neque
772 4421 802 4476 in
825 4435 924 4476 earum
947 4427 1115 4492 argumento
1133 4424 1291 4493 quicquam
1314 4428 1416 4491 exstat,
1435 4423 1513 4495 quod

166 4522 203 4578 ab
227 4537 262 4579 eo
285 4521 452 4591 abhorreat,
478 4525 566 4580 immo
590 4521 734 4593 quaedam
754 4523 829 4579 hauc
851 4524 991 4595 originem
1014 4525 1091 4580 clare
1114 4524 1295 4596 profitentur.

252 4625 454 4695 interpretatio
483 4640 542 4681 non
571 4641 731 4695 paucarum
759 4627 869 4682 incerta
900 4632 961 4694 est,
987 4631 1019 4682 ut
1046 4630 1143 4682 tamen
1166 4631 1303 4697 quattuor
1324 4627 1384 4682 iere
1405 4641 1513 4698 genera

166 4731 286 4797 agnosci
307 4729 421 4797 possint
442 4728 526 4784 haec.
574 4728 706 4799 Inscripti
728 4733 796 4784 sunt

236 4931 261 4976 1.
282 4927 305 4989 2)
327 4927 372 4978 Sic
391 4928 502 4977 omnino
520 4927 706 4979 scribendum.
745 4928 782 4977 De
802 4926 924 4978 Latreuio
943 4929 1005 4979 vide
1023 4929 1059 4979 ad
1077 4942 1104 4980 n.
1120 4933 1150 4992 1,
1174 4929 1208 4980 111
1227 4929 1350 4979 Ventidio
1370 4926 1492 4978 inferius.

236 5016 259 5072 1)
281 5011 377 5062 Strabo
396 5017 421 5074 5,
438 5015 492 5073 1,1
511 5028 539 5079 p.
555 5017 600 5064 111
624 5015 684 5066 Cas.

236 5099 260 5158 1)
282 5099 351 5163 App.
367 5103 391 5159 1,
408 5101 454 5161 17;
476 5100 553 5150 0111.
568 5103 594 5159 t,
610 5103 640 5149 18
660 5097 728 5164 517,
749 5098 805 5149 Liv.
826 5111 884 5164 per.
900 5101 931 5148 71
951 5101 1038 5165 princ.

236 5185 260 5246 5]
281 5184 338 5234 Liv.
353 5197 411 5249 per.
427 5187 453 5234 et
465 5186 540 5236 0101.
556 5185 595 5245 ll.;
615 5182 773 5245 11111111,
789 5187 831 5246 16,
848 5187 871 5245 1,
885 5197 944 5250 per.
957 5189 999 5246 71,
1020 5185 1096 5238 Oros.
1111 5183 1124 5250 ᾗ
1138 5188 1178 5235 to.
1208 5185 1319 5236 Orosius
1330 5189 1427 5236 vestem
1438 5198 1511 5237 mno-

167 5271 236 5320 ron's
254 5282 287 5319 ex
306 5269 382 5320 livio
400 5269 473 5321 hand
491 5269 575 5322 dubie
594 5271 764 5332 memoravit,
784 5269 833 5321 sed
851 5271 951 5322 erravit
968 5283 1000 5321 eo
1019 5269 1094 5334 quod
1113 5283 1177 5322 cum
1194 5271 1266 5334 sagis
1283 5269 1414 5323 contudit.

235 5355 260 5418 t)
282 5357 360 5406 0101.
375 5354 388 5420 5
401 5359 448 5417 ⁴⁸3
471 5357 538 5424 App.
554 5362 578 5418 1,
594 5358 625 5406 ta
639 5358 707 5407 extr.
