3922 6240
398 617 445 686 54
883 630 1038 680 onannns
1056 630 1255 680 Pnavsmnn.

397 831 447 882 66.
470 832 606 883 63-68.
627 828 677 880 77.
699 831 750 883 78.
772 830 809 882 80
834 831 862 880 60
884 823 1082 896 probabiliter,
1110 832 1141 880 ut
1160 825 1229 890 dixi,
1256 831 1376 895 propter
1398 824 1526 881 fulminis
1550 826 1670 896 liguram
1693 829 1740 883 vel

396 930 482 984 etiam
511 923 571 1003 (76)
598 935 716 999 propter
739 930 880 997 legionem
906 932 956 984 72.
981 931 1033 983 73.
1059 931 1110 983 76.
1137 931 1186 982 93.
1213 931 1264 982 96.
1291 931 1362 982 000.
1389 930 1458 983 000.
1486 932 1561 994 006,
1596 944 1650 985 666
1681 944 1739 986 non

400 1025 521 1108 (collatis
546 1036 595 1089 72.
625 1028 673 1104 73)
704 1033 736 1086 70
766 1037 794 1087 60
819 1035 868 1087 70,
917 1030 1037 1086 Ceterae
1066 1031 1159 1085 utrius
1190 1031 1279 1099 partis
1309 1029 1430 1097 luerint,
1464 1031 1494 1083 in
1523 1031 1659 1101 ambiguo
1690 1049 1740 1088 re-

396 1135 547 1204 linquitur.

395 1502 503 1586 52[=
520 1512 604 1581 Corp.
625 1512 635 1564 l
660 1525 688 1566 n.
709 1503 780 1584 688]
808 1510 956 1575 Perusina,
983 1510 1021 1564 da
1044 1525 1087 1564 me
1109 1526 1166 1564 666
1188 1508 1225 1562 06
1240 1512 1325 1578 quari
1341 1512 1501 1580 acquistato
1524 1523 1739 1567 nossl-scolrl

460 1631 498 1668 m.
519 1613 608 1683 April.
631 1617 730 1679 0860,
765 1611 815 1683 qui
845 1611 940 1666 adbuc
969 1610 1110 1682 possidet.
1158 1608 1329 1680 Robiginem
1358 1609 1447 1666 babet
1476 1610 1579 1666 flavam
1607 1613 1739 1686 intraque

461 1732 525 1771 eam
541 1717 733 1771 cineraceam.
773 1715 902 1770 Duarum
917 1716 1077 1782 marginum
1096 1719 1149 1781 est,
1176 1712 1227 1768 sed
1252 1714 1326 1767 inter
1340 1715 1451 1768 anticae
1473 1731 1503 1768 v.
1523 1719 1532 1770 0
1555 1721 1584 1770 60
1601 1720 1616 1770 2
1641 1716 1739 1786 plum-

461 1818 530 1874 bum
554 1817 685 1874 nonnihil
708 1819 825 1872 eminet.
873 1816 982 1871 Pendet
1008 1809 1091 1890 (teste
1114 1814 1220 1872 Scottio
1244 1830 1274 1884 p.
1296 1808 1366 1889 022)
1391 1807 1473 1891 33102
1489 1832 1533 1886 gr.

999 1984 1022 2024 n
1041 1996 1048 2010 ·
1067 1983 1130 2023 aur

1004 2085 1055 2153 00
1081 2068 1128 2168 “d

1024 2149 1139 2296 *a

395 2399 551 2469 Descripsi.
576 2428 620 2437 -
643 2398 695 2453 Ed.
722 2399 783 2454 lob.
811 2399 891 2466 bapt.
918 2413 1016 2454 comes
1040 2394 1230 2452 Rossi-Scotti
1254 2395 1389 2452 Giomale
1404 2398 1739 2468 scientifico-letterorio-

395 2503 510 2574 agrario
541 2502 713 2572 6010666906
740 2505 818 2557 0869
849 2517 879 2570 p.
901 2505 938 2556 66
975 2493 1053 2572 (inde
1076 2499 1236 2556 llommsen
1259 2500 1345 2569 Corp.
1372 2497 1499 2572 1688J3
1535 2498 1613 2554 idem
1642 2501 1738 2557 addita

393 2605 516 2674 imagine
543 2605 689 2661 Periodico
719 2605 749 2659 di
775 2604 976 2658 numismaticu
998 2603 1035 2656 lll
1070 2593 1173 2674 (0871)
1206 2616 1236 2670 p.
1260 2605 1329 2656 022.
1363 2629 1406 2638 -
1436 2601 1575 2657 Memorat
1601 2595 1674 2678 (scil.
1702 2619 1737 2658 ex

393 2701 581 2779 Mommseno)
610 2707 785 2763 Garruccius
808 2704 879 2777 Syll.
903 2721 933 2775 p.
955 2707 1027 2773 260,
1054 2708 1225 2772 suspectans
1248 2703 1310 2758 sine
1333 2703 1392 2758 ulla
1415 2718 1511 2758 causa.

479 2810 571 2880 Lego:
598 2811 638 2865 ll.
664 2799 827 2884 iubatus)
849 2807 896 2862 vel
920 2797 1051 2884 Antfiani)
1070 2796 1075 2882 Ι
1095 2807 1163 2877 imp.
1189 2808 1257 2878 imp.
1307 2805 1338 2859 V.
1365 2810 1381 2862 2
1406 2804 1551 2861 difficilius
1573 2809 1740 2877 agnoscitur

393 2912 445 2967 sed
468 2912 555 2967 lectio
586 2925 651 2965 mea
679 2914 757 2963 certa
781 2914 835 2964 est.
889 2910 1021 2966 Fortasse
1051 2907 1237 2978 cogitandum
1267 2913 1310 2963 est
1339 2907 1376 2962 de
1404 2906 1442 2961 ll.
1467 2904 1581 2964 Antonii
1611 2911 1739 2981 impera-

392 3015 462 3071 toris
486 3015 516 3067 in
531 3010 649 3067 Oriente
670 3004 819 3086 (Aegypto)
847 3011 977 3068 absentis
1000 3013 1182 3068 invocatione
1205 3009 1250 3065 vel
1274 3011 1481 3082 imprecatione
1503 3028 1520 3065 a
1542 3011 1620 3066 Lucii
1643 3012 1739 3068 fratris

392 3112 587 3171 funditoribus
610 3114 759 3184 inscripta.
788 3143 832 3152 -
859 3116 891 3170 ln
913 3130 1017 3171 averso
1040 3113 1130 3169 latere
1153 3113 1246 3168 littera
1270 3125 1293 3166 n
1316 3112 1351 3167 ad
1376 3114 1534 3184 marginem
1558 3117 1739 3185 superiorem

392 3217 444 3273 sed
475 3233 532 3273 non
559 3219 588 3273 in
615 3216 710 3272 media
736 3216 840 3286 glande
870 3217 923 3273 sed
949 3219 1071 3288 propius
1099 3216 1203 3288 angulo
1233 3214 1333 3270 dextro
1362 3217 1453 3285 posita
1477 3223 1535 3284 est,
1569 3233 1645 3288 quae
1668 3217 1738 3289 quid

393 3319 543 3390 significet,
570 3319 692 3374 divinari
716 3320 833 3376 omnino
856 3335 914 3376 non
936 3327 1041 3389 potest.

393 3497 436 3566 53
461 3500 608 3582 [Perusiae
638 3509 667 3562 in
689 3502 817 3579 museo]
863 3506 1040 3579 Amygdalae
1071 3507 1192 3562 sormam
1221 3505 1310 3563 habet
1338 3510 1366 3560 60
1393 3509 1529 3574 quattuor
1559 3504 1738 3576 marginibus

457 3611 487 3664 in
509 3625 592 3665 areas
615 3609 735 3665 totidem
757 3609 850 3664 divisa
875 3615 928 3664 est.

934 3730 953 3785 d
1010 3739 1098 3784 (mmm

933 3918 947 3955 6
1010 3911 1104 3954 rull-x

933 4069 948 4124 0
1005 3976 1169 4156 mdiv-im

933 4259 951 4296 6
1008 4147 1063 4301 (61·
1080 4255 1146 4296 tnar

391 4396 550 4467 Descripsi.
576 4422 620 4432 ——
642 4395 695 4450 Ed.
721 4394 847 4451 Fabretti
870 4395 955 4466 Corp.
974 4396 1065 4450 lnser.
1084 4395 1142 4450 ital.
1161 4412 1191 4451 n.
1212 4397 1293 4454 2600
1311 4393 1366 4461 bis,
1399 4401 1466 4450 aet
1496 4393 1554 4450 tab.
1574 4394 1658 4449 XLIV
1682 4393 1737 4449 de-

391 4496 525 4553 lineatam
549 4513 566 4552 a
588 4496 723 4554 Caietano
746 4497 788 4553 De
810 4498 931 4566 lliniois,
959 4498 1010 4554 sed
1035 4500 1082 4553 vix
1103 4504 1136 4554 ut
1158 4512 1308 4569 agnoscas.

476 4600 573 4656 Lectio
590 4602 699 4656 incerta
715 4608 769 4668 est,
796 4603 920 4657 maxime
935 4601 1058 4656 laterum
1074 4618 1093 4656 a
1108 4608 1136 4658 et
1151 4618 1179 4668 03
1208 4606 1305 4656 estne:
1344 4599 1423 4673 selem
1442 4590 1447 4675 Ι
1467 4600 1506 4654 Μ.
1521 4601 1592 4654 Anto
1612 4591 1617 4676 Ι
1636 4589 1738 4674 influa)

388 4693 536 4778 paet(us)?

387 4881 495 4965 54[=
510 4889 596 4962 Corp.
616 4891 627 4945 l
651 4905 679 4944 n.
701 4884 773 4965 600]
807 4891 871 4946 sine
887 4891 951 4947 loco
978 4885 1017 4965 [in
1034 4906 1134 4948 museo
1150 4883 1314 4966 Perusino]
1355 4891 1484 4945 Duarum
1499 4889 1660 4959 marginum
1677 4893 1730 4956 est,

455 4993 538 5063 longa
564 4998 672 5066 0,030,
699 5009 795 5049 crassa
820 4996 928 5058 o‚ol8.

945 5143 1004 5184 Fv
1027 5142 1043 5184 ι
1065 5143 1128 5204 :stin
1151 5145 1171 5184 Α

947 5240 1118 5287 vultule

944 5326 1168 5414 sallustii
