3922 6240
707 625 866 677 umunns
885 626 1039 679 savaria.
1495 615 1543 689 89

193 820 246 871 Eas
259 820 299 871 sic
318 817 537 884 interpretandas
556 831 625 879 esse,
646 831 679 868 ex
692 819 749 882 ipsa
766 818 835 868 serie
848 818 998 882 composita
1017 817 1097 869 iacile
1114 820 1196 882 patet.
1234 820 1267 869 nt
1286 820 1351 883 legio
1365 820 1390 870 X
1394 819 1454 871 vill
1466 823 1545 886 (ιιιιιι

194 906 269 956 nulla
286 918 416 969 umquam
437 903 495 965 tuit,
517 905 653 956 exstitisse
669 907 762 954 autem
782 907 846 954 tunc
864 903 986 968 quidem,
1008 916 1071 955 cum
1089 904 1140 955 bae
1152 904 1263 968 glandes
1281 910 1477 970 provenerunt,
1496 921 1545 972 per

193 1004 314 1043 errorem
337 990 487 1056 putabatur
513 990 550 1042 ob
574 991 667 1041 titulos
693 989 828 1054 quosdam
852 990 924 1040 male
947 989 1032 1040 lectos
1058 989 1129 1054 (vide
1152 991 1187 1040 ad
1205 1004 1233 1041 ιι.
1249 987 1318 1053 Μ’).
1353 991 1456 1042 Deinde
1480 1005 1543 1044 cum

196 1079 269 1129 nulla
293 1081 384 1129 certae
402 1077 498 1128 aetatis
522 1078 641 1141 genuina
659 1076 735 1141 glans
753 1077 884 1141 inscripta
903 1077 1003 1136 exstet,
1030 1089 1101 1140 quae
1118 1077 1254 1140 posterior
1272 1077 1307 1128 sit
1324 1077 1396 1128 ballo
1417 1078 1547 1130 Pemsino

197 1165 229 1226 (ι.
245 1161 347 1228 ilasi),
366 1164 413 1214 hic
430 1165 582 1215 occurrunt
599 1163 669 1227 legio
685 1162 764 1213 XXX
779 1161 855 1227 leia
874 1163 973 1212 victrix
992 1161 1027 1222 (ιι.
1044 1160 1101 1223 ιιι(
1120 1175 1136 1212 a
1150 1163 1264 1212 Traiano
1282 1167 1310 1213 et
1327 1163 1396 1227 legio
1410 1165 1432 1214 ll
1451 1164 1542 1215 Italica

198 1249 235 1311 (ιι.
250 1247 291 1299 tt.
312 1247 352 1311 gs)
371 1263 386 1300 a
405 1249 439 1299 M.
453 1248 563 1299 Aurelio
582 1248 720 1299 institutae
739 1249 767 1297 et
788 1248 933 1310 agnomina
946 1239 1004 1311 ‘pia
1021 1242 1090 1298 ielir’
1113 1247 1148 1310 (ιι.
1171 1245 1212 1312 6“)
1234 1262 1287 1298 uon
1312 1248 1403 1300 minus
1426 1253 1543 1301 aetatem

190 1335 271 1398 longe
292 1335 473 1399 posteriorem
497 1333 649 1399 prodentia.
686 1333 817 1396 Legiones
834 1333 868 1383 VI
886 1331 984 1382 ierrata
1009 1336 1036 1382 et
1054 1332 1103 1383 Xll
1122 1331 1169 1384 iul.
1189 1335 1255 1384 satis
1279 1335 1406 1399 antiquae
1431 1336 1541 1400 quidam

190 1423 264 1483 snut,
285 1421 332 1471 illa
350 1421 406 1470 sive
424 1420 459 1471 ab
477 1421 594 1472 Antonio
612 1421 669 1471 sive
687 1419 722 1470 ab
741 1421 863 1484 Augusto
881 1419 1005 1471 instituta
1019 1420 1056 1483 (v.
1071 1419 1279 1484 Mommsenum,
1300 1435 1344 1472 res
1362 1435 1388 1485 g.
1403 1422 1459 1473 divi
1472 1424 1539 1486 Aug.

191 1506 236 1557 ed.
251 1511 267 1557 7
285 1521 311 1572 p.
326 1511 357 1558 78
376 1507 458 1572 sqq),
479 1507 547 1558 haec
569 1507 720 1572 posteriore
740 1507 852 1570 Augusti
869 1508 956 1557 aetate
981 1508 1017 1556 ita
1041 1507 1231 1569 cognominata
1245 1507 1278 1570 (ν.
1300 1507 1458 1558 llauzenum
1472 1509 1540 1560 Beli.

191 1592 249 1644 ιιοιι
263 1594 326 1644 inst.
341 1596 408 1644 4867
425 1607 453 1657 p.
467 1595 515 1641 478
529 1593 611 1657 sqql,
632 1593 681 1644 sed
699 1593 843 1657 agnomina
863 1595 919 1644 tem
939 1592 1022 1643 multa
1036 1594 1062 1642 in
1075 1593 1172 1656 paucis
1189 1593 1413 1658 inscriptionibus
1430 1595 1542 1644 omuino

190 1680 271 1731 valde
291 1682 418 1745 suspecta
437 1683 507 1742 sunt,
531 1693 594 1730 cum
612 1692 693 1730 usum
713 1693 807 1730 eorum
826 1679 987 1730 sollemnem
1005 1679 1033 1730 in
1053 1679 1137 1730 titulis
1155 1680 1305 1745 posteriora
1323 1678 1434 1729 demum
1454 1681 1541 1731 aetate

190 1765 338 1816 invaluisse
352 1768 467 1816 constet.
486 1791 521 1803 -
538 1767 598 1818 Non
611 1768 703 1817 minus
716 1765 885 1818 diitlcultatis
902 1765 994 1826 habet,
1014 1766 1089 1830 quod
1101 1779 1148 1818 eas
1166 1766 1287 1830 legiones
1301 1766 1329 1815 in
1344 1767 1443 1816 Piceno
1456 1765 1540 1818 tuisse

190 1851 306 1916 glandes
320 1854 464 1915 testantur,
478 1854 580 1918 quippe
593 1865 663 1917 quae
676 1855 789 1916 excepta
808 1866 836 1903 n.
851 1850 893 1913 t*,
914 1851 949 1902 de
967 1853 1046 1903 cuius
1059 1853 1141 1916 origo
1153 1854 1266 1912 tacetur,
1287 1865 1382 1904 omnes
1401 1853 1428 1902 ln
1443 1854 1540 1906 Piceno

189 1939 249 1989 sive
272 1938 305 2000 (ιι.
319 1937 368 1987 tt*
385 1942 413 1990 et
430 1937 488 2002 tiit)
516 1940 544 1990 in
568 1940 679 2004 regione
696 1940 829 2004 Aprutina
854 1941 977 2004 repertae
1001 1951 1061 1990 esse
1084 1939 1219 1989 dicantur.
1255 1938 1285 1989 ld
1308 1939 1382 1989 enim
1406 1938 1441 1989 de
1465 1938 1540 1989 nulla

189 2037 285 2075 earnm
304 2023 442 2088 legionum
460 2028 630 2090 compertum
648 2024 792 2087 babemus,
812 2023 932 2089 legiones
950 2026 973 2075 ll
993 2025 1085 2075 italica
1104 2027 1131 2074 et
1147 2023 1225 2076 XXX
1242 2025 1273 2074 V.
1288 2039 1314 2074 v.
1329 2037 1383 2074 non
1401 2037 1483 2090 possa
1501 2024 1539 2075 ibi

190 2111 335 2160 stationem
354 2109 481 2162 hahuisse
499 2113 546 2161 aut
564 2111 634 2162 adeo
651 2111 754 2162 bellum
773 2111 889 2175 gessisse
908 2114 982 2162 carto
1002 2111 1112 2162 scimus.
1151 2109 1255 2161 Abelli
1275 2110 1383 2161 socialis
1405 2113 1537 2175 tempore,

192 2195 268 2259 quod
286 2195 336 2246 has
359 2195 472 2260 glandes
495 2195 583 2248 torma
606 2195 710 2261 plumbi
738 2199 764 2247 et
781 2195 877 2248 litteris
901 2196 1031 2247 simulare
1056 2198 1144 2260 patet,
1169 2196 1248 2261 plana
1273 2194 1421 2246 abhorrere
1446 2197 1538 2247 omnia

191 2281 260 2332 baec
278 2280 416 2346 legionum
436 2284 548 2333 nomina
566 2280 741 2333 manifestum
760 2285 809 2333 est.
829 2309 864 2319 -
882 2282 995 2333 Restant
1019 2283 1210 2348 inscriptiones
1228 2282 1293 2333 bae:
1326 2283 1416 2346 Magio)
1433 2283 1506 2342 coin(
1526 2307 1539 2318 ·

190 2370 330 2429 tammum)
355 2382 381 2418 ιι.
402 2366 445 2430 7⁴⁵,
472 2369 560 2432 inpio)
584 2370 618 2421 Vl
638 2369 870 2431 animatoriornm)
896 2382 922 2418 n.
945 2365 986 2432 8³⁸⁵,
1012 2369 1143 2431 calbiani)
1167 2382 1194 2419 n.
1215 2369 1274 2430 w,
1303 2369 1421 2428 Haemo)
1447 2381 1472 2418 n.
1496 2366 1536 2428 t*,

195 2453 265 2504 Mor.
286 2455 333 2506 ιιι.
352 2454 395 2516 (ιιι
413 2455 526 2506 Martem
546 2455 667 2505 Vltorcm
685 2452 838 2518 referenda)
857 2469 885 2505 n.
901 2451 959 2517 tili,
979 2458 1048 2505 servi
1068 2456 1219 2517 (pleriatita)
1238 2468 1265 2504 n.
1285 2454 1343 2517 44*,
1367 2457 1538 2517 4νιρ4(ιιιιιι)

194 2556 221 2592 ι.
238 2540 297 2604 tsi,
317 2538 450 2607 anaqal]
467 2541 590 2592 Etruscis
608 2540 703 2592 litteris
716 2542 817 2606 scripta
830 2555 857 2591 n.
872 2539 931 2591 48*.
966 2539 1068 2591 Earum
1080 2553 1189 2605 quoque
1201 2540 1275 2590 nulla
1293 2541 1320 2590 in
1334 2541 1368 2592 iis
1380 2540 1535 2604 glandibus,

189 2628 224 2678 de
242 2639 359 2691 quarum
378 2628 533 2677 sinceritate
552 2629 672 2689 constat,
692 2630 799 2692 reperta
817 2630 876 2688 cst,
896 2629 1036 2692 praeterea
1054 2640 1080 2676 n.
1096 2623 1129 2675 7ι
1148 2628 1175 2676 ιι
1191 2639 1218 2676 ιι.
1234 2622 1267 2675 8*
1285 2627 1385 2676 unicae
1402 2625 1535 2688 legionem

190 2713 404 2764 voluntariorum
428 2712 501 2778 apud
520 2712 651 2764 Asculum
674 2715 818 2774 testantur,
844 2727 871 2763 n.
893 2712 942 2762 lt*
963 2714 1046 2764 unica
1071 2713 1141 2762 inter
1165 2713 1274 2763 Latinas
1298 2711 1380 2763 deum
1405 2714 1539 2762 memorat

189 2799 268 2863 (quae
294 2799 477 2850 Mommsenns
502 2798 607 2863 Corpl
631 2798 666 2849 ad
691 2802 783 2850 none
802 2801 897 2850 etoile
922 2797 1049 2861 monuit),
1074 2797 1195 2862 reliquae
1218 2798 1408 2863 inscriptiones
1430 2799 1537 2849 etiamsi

187 2899 238 2951 per
257 2899 286 2936 se
303 2885 468 2951 suspicionis
486 2884 619 2935 indicium
638 2897 690 2934 non
709 2885 868 2950 praebeant,
891 2884 993 2936 iraudis
1011 2885 1075 2936 inde
1094 2885 1302 2946 convincuntur,
1322 2883 1407 2948 quod,
1426 2885 1457 2933 ut
1469 2882 1535 2943 dixi,

189 2976 302 3023 externa
326 2971 418 3022 indole
442 2971 555 3022 mudena
580 2974 661 3036 atque
685 2972 792 3022 ceterae
816 2969 954 3021 officinam
978 2971 1106 3037 produnt.
1144 2973 1173 3021 ln
1193 2984 1219 3020 n.
1236 2968 1276 3021 'tlt
1299 2967 1355 3021 leil.
1377 2967 1427 3019 tt*
1445 2973 1536 3020 autem

189 3058 326 3110 accedunt
343 3058 451 3123 propria
470 3057 603 3122 quaedam
621 3055 746 3108 falsitatis
764 3056 864 3109 indicia
883 3071 924 3119 ea,
945 3071 1014 3122 quae
1033 3071 1114 3123 supra
1133 3055 1291 3121 significavi.

258 3145 297 3193 De
318 3143 420 3194 barum
442 3142 580 3206 glandium
601 3143 706 3206 origine
726 3143 856 3207 variaque
881 3143 988 3194 torinna
1006 3142 1143 3194 atterenda
1161 3147 1225 3193 suut
1247 3143 1325 3193 haec.
1362 3141 1403 3193 Ex
1421 3143 1537 3207 epistula

187 3229 327 3294 Borghesii
346 3227 413 3278 iutra
437 3228 573 3280 laudanda
599 3231 702 3280 scimus
728 3242 756 3280 ιι.
771 3227 813 3279 t*.
835 3227 876 3280 5*.
897 3229 940 3280 6ι.
960 3225 1000 3280 87.
1021 3228 1078 3279 tc*.
1099 3227 1157 3279 44*.
1180 3227 1237 3280 ιιι.
1259 3227 1308 3277 tt*
1327 3229 1463 3280 exstitisse
1481 3229 1536 3278 iam

188 3328 281 3366 meuse
300 3315 370 3365 Iulio
388 3315 451 3364 anni
470 3318 551 3380 tane,
577 3313 726 3365 fabricatas
751 3327 811 3366 osse
828 3315 887 3365 veri
913 3313 1001 3366 simile
1020 3318 1060 3365 est
1084 3314 1175 3380 paullo
1193 3316 1273 3364 antea
1291 3314 1326 3365 ad
1345 3313 1535 3378 decipiendum

187 3400 301 3453 tortasse
324 3400 479 3463 Minicium,
508 3401 555 3464 qni
582 3399 628 3451 illo
656 3403 779 3465 tempore
806 3399 917 3464 glandes
943 3400 1137 3464 undecumque
1164 3400 1289 3465 colligere
1316 3401 1462 3464 coepisset.
1505 3401 1534 3450 ln

187 3499 314 3538 museum
332 3486 540 3536 liircherianum
565 3486 662 3538 inlatas
687 3499 747 3537 esse
770 3487 843 3536 inter
865 3499 890 3537 a.
907 3489 973 3535 4887
992 3488 1018 3536 et
1037 3487 1102 3535 4848
1128 3484 1190 3535 inde
1209 3484 1299 3548 colligi
1324 3485 1402 3547 licet,
1427 3485 1535 3550 quoda

188 3573 317 3624 Brunatio
330 3585 355 3624 a.
371 3575 437 3621 4887
455 3571 578 3622 nondum
591 3574 850 3632 commemorantur,
872 3571 920 3622 sed
933 3585 987 3635 quo
1000 3574 1122 3636 tempore
1135 3571 1237 3620 Minicii
1251 3571 1412 3636 opusculum
1428 3571 1535 3636 prelum

186 3657 315 3724 fatigabat
341 3659 375 3717 (ι.
395 3659 587 3720 4844-4846(,
613 3659 667 3708 iam
691 3657 748 3708 illic
766 3656 990 3708 asservabantur.
1015 3683 1049 3693 -
1066 3658 1088 3706 Α
1106 3669 1160 3721 quo
1184 3656 1294 3707 homine
1317 3658 1533 3708 communicatae

188 3758 252 3796 cum
277 3745 386 3794 Minicio
409 3742 524 3806 luerint,
550 3743 703 3806 nescimus,
734 3744 788 3793 nisi
810 3742 883 3808 quod
907 3756 935 3793 n.
957 3741 997 3791 t*.
1025 3741 1066 3792 tt.
1092 3737 1142 3791 tt*
1166 3745 1245 3793 antea
1270 3741 1376 3794 inerant
1398 3744 1534 3793 vincentii

187 3831 227 3881 De
244 3830 332 3881 Paolis
355 3827 517 3895 professoris
540 3827 576 3879 ab
599 3841 686 3892 eoque
711 3829 760 3878 has
779 3841 805 3881 ιι.
823 3825 856 3876 4ι
874 3831 900 3878 et
919 3827 951 3878 5*
969 3829 996 3878 in
1015 3829 1112 3878 Piceno
1131 3827 1165 3878 ad
1183 3827 1293 3879 Trueuti
1316 3829 1390 3893 ripas
1414 3831 1535 3893 repertas

189 3928 250 3966 esse
268 3917 394 3966 Minicius
413 3919 534 3966 testatur.
900 3915 901 3918 ’

258 4001 458 4064 Mommsenus,
487 4003 533 4066 qui
558 4001 606 4052 bas
631 4001 744 4064 glandes
769 4014 821 4050 non
845 4001 966 4062 viderat,
995 4002 1106 4066 propter
1129 3999 1336 4064 inscriptionum
1361 4000 1483 4051 indolem
1507 4001 1535 4050 iu

187 4087 315 4152 Corporis
332 4087 385 4137 vol.
401 4088 412 4137 1
430 4087 464 4138 ad
483 4101 509 4136 n.
526 4091 586 4139 666.
606 4091 665 4138 686.
687 4090 736 4137 684
762 4087 961 4138 dubitationem
985 4085 1124 4152 professus
1148 4088 1190 4136 est
1210 4085 1244 4136 de
1264 4087 1420 4138 sinceritate
1437 4085 1534 4136 harum

188 4171 231 4223 tt.
252 4171 293 4222 δι’.
315 4173 347 4222 t*
366 4176 394 4222 et
413 4173 493 4236 (qnae
510 4174 601 4223 nmen
620 4173 737 4237 genuina
755 4174 805 4234 est)
826 4187 853 4226 n.
869 4177 917 4235 85,
943 4174 1060 4224 maxime
1084 4175 1174 4224 autam
1198 4172 1337 4236 glandium
1361 4185 1388 4222 n.
1404 4169 1531 4232 9*-l3*;

188 4257 369 4310 confidentius
393 4259 466 4310 idem
487 4260 596 4310 morin
616 4259 756 4311 Botlettino
773 4257 831 4310 ιιοιι
846 4261 965 4311 instituto
985 4263 1051 4309 lton
1069 4272 1097 4323 p.
1112 4262 1143 4309 46
1163 4271 1224 4320 eas,
1245 4257 1391 4322 inquibus
1415 4257 1534 4322 legiones

187 4347 282 4398 aetatis
300 4345 490 4410 imperatoriae
508 4346 648 4409 leguntur,
674 4345 757 4397 falsas
781 4345 922 4398 habendas
940 4359 1000 4398 esse
1024 4344 1177 4396 aitirmavit.
1215 4344 1310 4410 Nuper
1328 4344 1438 4394 demum
1458 4357 1534 4394 com-

186 4433 324 4498 perimus,
347 4433 402 4482 iam
421 4430 614 4496 Borghesium‚
640 4444 759 4496 quocum
778 4445 803 4483 a.
819 4436 885 4482 4886
904 4433 1031 4484 Minicius
1054 4429 1208 4496 apographa
1228 4430 1485 4488 communicaverat,
1506 4431 1533 4479 in

187 4517 304 4584 epistula
322 4517 357 4568 ad
376 4518 516 4568 Minicium
533 4518 635 4581 scripta
654 4519 668 4566 4
687 4517 738 4568 lul.
754 4520 821 4568 teet
840 4517 889 4568 sed
906 4517 978 4568 edita
997 4530 1022 4567 a.
1039 4520 1104 4567 4872
1123 4517 1150 4567 in
1169 4529 1230 4580 opp.
1246 4516 1292 4566 Vll
1311 4529 1338 4580 p.
1354 4519 1403 4564 466
1423 4516 1533 4567 easdem

187 4604 324 4669 legionum
348 4603 540 4668 inscriptiones
565 4604 592 4652 in
618 4604 804 4668 suspicionem
828 4615 942 4654 vocasse
967 4603 1135 4667 argumentis
1158 4601 1336 4665 gravissimis.
1373 4602 1407 4651 M
1425 4602 1533 4653 Minicio

187 4692 293 4741 ιιιιιιιιι
311 4687 378 4739 sinit
395 4691 426 4738 ut
443 4689 630 4754 persuaderet,
656 4691 689 4740 ut
706 4690 729 4740 is
741 4691 769 4739 in
789 4689 920 4754 opusculo
940 4701 989 4740 suo
1001 4689 1051 4739 viri
1065 4688 1167 4740 summi
1180 4691 1207 4739 et
1219 4701 1319 4739 nomen
1331 4690 1359 4738 et
1370 4690 1533 4739 seutentiam

186 4787 300 4841 prorsus
324 4777 441 4835 taceret,
468 4775 552 4825 immo
576 4775 622 4826 hic
644 4775 700 4826 illic
721 4777 881 4839 argumenta
900 4777 959 4827 aius
976 4779 1047 4826 tacte
1065 4773 1189 4826 raiellere
1207 4777 1353 4825 conaretur
1370 4773 1413 4824 vel
1432 4775 1465 4823 iis
1483 4773 1534 4824 ιιι-

186 4862 322 4918 uteretur;
344 4858 378 4909 ad
397 4871 480 4923 quam
499 4871 557 4910 rem
576 4860 641 4910 satis
655 4862 696 4910 est
713 4861 837 4910 attulisse
850 4860 1004 4925 exemplum
1024 4861 1088 4910 boc:
1109 4872 1172 4909 cum
1191 4872 1219 4912 ιι.
1236 4855 1284 4908 ll*
1301 4859 1435 4922 legionem
1447 4857 1533 4908 XVIll

186 4944 294 4996 ilrmam
313 4958 347 4995 er
365 4945 502 5009 lapidibus
519 4959 663 5011 perperam
682 4946 760 4996 lectis
779 4946 836 5011 (pro
848 4945 909 4996 XVl
930 4946 1021 4996 Flavia
1034 4945 1122 5008 firma)
1142 4945 1284 5010 repetitam
1303 4957 1364 4994 esse
1382 4945 1534 4995 monuisset

186 5031 365 5096 Borghesius,
390 5031 517 5082 Minicius
535 5031 677 5097 glandem,
699 5034 792 5096 utpote
809 5031 924 5082 unicum
943 5032 1002 5082 eius
1020 5030 1133 5095 legionis
1151 5031 1351 5092 testimonium,
1379 5030 1406 5079 in
1424 5042 1532 5080 summo

185 5117 273 5182 pretio
285 5116 440 5168 habendam
453 5130 514 5168 esse
526 5115 679 5180 affirmavit,
700 5117 805 5182 lapides
818 5117 893 5168 enim
905 5116 975 5167 duos
987 5122 1084 5181 tresve,
1105 5117 1151 5181 qui
1164 5129 1225 5167 eam
1238 5115 1330 5166 testari
1344 5115 1530 5178 crederentur,

187 5201 257 5252 male
282 5202 433 5266 descriptos
456 5215 517 5254 csse
540 5216 590 5268 pro
614 5205 689 5253 certo
713 5203 817 5255 haberi.
842 5230 877 5240 -
902 5203 984 5254 Nunc
1007 5202 1119 5266 quidem
1142 5215 1177 5252 er
1200 5203 1248 5263 iis,
1278 5215 1348 5266 quae
1376 5215 1425 5265 ego
1450 5213 1532 5267 supra

189 5287 335 5352 disputavi,
355 5290 429 5352 patet
446 5288 625 5352 Borgheslnm
642 5289 895 5353 Mommsennmque
914 5289 989 5338 recle
1014 5286 1149 5338 iudicasse
1168 5288 1202 5338 de
1220 5288 1274 5338 illis
1291 5287 1529 5353 inscriptionibus;

186 5372 234 5425 sed
256 5374 439 5439 suspicionem
461 5373 577 5439 professi
598 5377 662 5425 sunt
681 5373 842 5425 iraudemve
867 5373 1085 5433 affirmaverunt,
1114 5385 1170 5424 non
1192 5373 1416 5427 demonstrarunt
1441 5377 1533 5427 evice-
