3930 6224
464 611 534 681 142
963 622 1119 672 ortubus
1139 621 1294 673 44444444.

474 813 617 862 14444411
687 809 736 862 ot*
937 812 1080 863 reuereri
1149 808 1200 862 64*
1402 810 1548 860 1144444141
1618 805 1670 859 ot*

575 901 624 946 638
640 919 670 940 =
686 902 733 947 6³7
1040 900 1088 946 656
1103 917 1134 939 =
1149 899 1198 946 648
1504 899 1553 944 666
1568 915 1599 938 =
1615 899 1662 944 657

575 970 624 1015 639
639 987 671 1009 =
686 969 733 1015 646
1040 969 1083 1014 654
1103 985 1135 1008 =
1150 968 1198 1014 649
1505 968 1553 1012 663
1569 985 1600 1006 --·
1615 966 1663 1013 658

576 1037 624 1082 646
639 1056 670 1077 --
685 1036 758 1085 6466
1041 1037 1089 1082 656
1103 1053 1134 1076 =
1149 1037 1198 1082 656
1505 1035 1554 1082 664
1569 1053 1600 1074 -··-
1616 1036 1664 1082 659
1725 1073 1728 1080 ,

575 1105 620 1152 644
640 1123 671 1146 =
686 1106 730 1152 644
1040 1105 1088 1151 653
1104 1123 1135 1145 .-
1150 1106 1193 1151 654
1505 1105 1555 1151 665
1569 1121 1600 1143 =
1616 1104 1663 1149 660

575 1174 624 1220 646
639 1193 670 1214 -·-
685 1175 734 1221 646
1041 1173 1087 1218 654
1104 1190 1135 1212 =
1151 1175 1222 1220 6546
1504 1175 1554 1220 666
1569 1191 1600 1212 =
1616 1173 1660 1218 664

575 1243 624 1288 643
639 1259 671 1282 =
686 1243 734 1289 643
1041 1243 1090 1288 655
1104 1260 1135 1280 ·-·-
1150 1242 1199 1288 656
1504 1243 1553 1288 667
1569 1259 1600 1280 =
1615 1241 1663 1286 666

576 1310 624 1356 644
639 1328 671 1350 =
686 1310 733 1357 644
1040 1311 1089 1356 656
1104 1328 1134 1349 =
1150 1311 1222 1358 6566
1505 1311 1554 1356 668
1569 1329 1600 1349 =
1616 1311 1687 1356 66644

576 1379 625 1426 645
640 1398 671 1419 =
687 1380 758 1426 6446
1041 1379 1088 1424 657
1103 1396 1134 1418 =
1150 1377 1218 1426 6565
1506 1379 1555 1425 669
1569 1395 1601 1418 --
1615 1379 1663 1424 663

576 1448 625 1493 646
639 1467 670 1488 =
685 1448 755 1495 6446
1039 1448 1089 1496 668
1104 1465 1135 1486 =
1151 1449 1198 1493 653
1504 1449 1554 1494 676
1569 1465 1600 1486 =
1616 1446 1663 1493 664

575 1516 624 1562 647
639 1534 670 1557 =
686 1515 734 1562 645
1041 1516 1089 1561 659
1104 1534 1136 1555 =
1151 1517 1198 1562 654
1505 1516 1551 1561 674
1570 1533 1601 1555 =
1616 1516 1664 1561 665

521 1594 523 1600 ’
576 1585 625 1631 648
639 1602 671 1626 =
686 1585 734 1631 646
1040 1584 1090 1629 666
1104 1602 1135 1624 Ι-·----
1151 1585 1198 1630 655
1362 1585 1365 1704 1
1506 1585 1556 1630 676
1571 1601 1602 1624 =
1618 1585 1688 1631 6656

576 1653 624 1700 649
639 1672 671 1694 =
685 1653 733 1699 647
1041 1653 1087 1697 664
1105 1671 1136 1692 =
1150 1654 1199 1698 656

884 2283 1058 2355 Addeuda
1086 2295 1121 2354 et
1148 2283 1376 2376 Corrigenda.

462 2500 522 2553 pag.
539 2489 552 2534 t
573 2486 618 2536 lin.
634 2491 663 2536 44
684 2500 733 2552 pro
756 2486 830 2537 Ticca
849 2486 952 2537 scribe:
977 2487 1036 2538 Tico
1057 2486 1226 2550 (Syracusis).

463 2586 523 2637 pag.
539 2575 552 2621 t
572 2572 619 2622 liu.
637 2576 667 2622 45
685 2585 701 2622 4
720 2571 773 2622 iiue
792 2585 842 2638 pro
860 2565 1060 2623 ‘delineatione
1088 2567 1171 2622 Potiti’
1193 2570 1296 2622 scribe:
1316 2565 1507 2623 ‘delineatione
1526 2571 1672 2623 salvatoris
1692 2568 1787 2623 Politi'.

463 2672 522 2724 pag.
539 2662 552 2706 7
573 2659 669 2708 limiti
688 2671 702 2708 4
722 2656 776 2708 1144
795 2670 845 2722 pro
866 2668 888 2719 4,
905 2679 938 2710 m
964 2657 1067 2708 scribe:
1087 2661 1112 2719 8,
1128 2675 1165 2706 ιι.

462 2757 522 2810 pag.
538 2747 566 2793 44
589 2744 624 2794 ad
643 2757 670 2793 u.
687 2748 711 2803 4,
729 2739 761 2810 u]
783 2742 947 2794 Gualtbems
974 2744 1000 2792 in
1025 2743 1069 2792 ed.
1091 2746 1115 2804 4,
1142 2755 1224 2806 quarn
1243 2755 1330 2809 nuper
1354 2742 1422 2793 mibi
1446 2744 1562 2808 inspexit
1579 2744 1747 2804 6444441144,
1768 2746 1810 2794 414

498 2840 560 2882 44444
583 2839 677 2883 rome.
704 2828 827 2892 exbibet,
857 2826 988 2879 lateribus
1011 2828 1123 2893 quidem
1145 2840 1200 2878 uon
1223 2827 1360 2880 distinctis
1383 2828 1432 2880 sed
1451 2828 1571 2880 noudum
1596 2829 1708 2880 inducta
1727 2831 1811 2881 iuter-

497 2915 634 2979 polatione
658 2924 825 2968 rouesrvm.
872 2913 980 2964 subieci
1004 2914 1064 2979 ipsa
1091 2913 1150 2963 eius
1174 2911 1258 2964 verba
1284 2913 1419 2976 (Animad.
1439 2929 1465 2966 v.
1485 2928 1512 2980 p.
1529 2916 1587 2978 tii:
1614 2910 1738 2980 ‘glandes
1761 2914 1810 2965 ob-

498 2998 603 3062 longae,
622 2996 750 3061 gibbosae
768 3000 795 3047 44
813 2996 869 3046 1444
881 2995 1032 3057 trilaterae,
1052 2995 1130 3046 cuius
1149 2994 1264 3062 iormam
1277 3009 1303 3061 p.
1319 3003 1346 3048 44
1363 2995 1440 3065 [suut
1453 2996 1582 3066 Graecae]
1601 2999 1807 3065 descripsimus.

496 3081 586 3133 1141444
603 3083 675 3148 Lips.
695 3084 723 3133 in
742 3082 862 3142 Triario,
884 3081 977 3131 Asculi
995 3079 1094 3131 nobilis
1114 3081 1229 3131 Picentis
1248 3081 1342 3144 Vrbis,
1368 3087 1393 3134 et
1417 3085 1585 3137 advenarum
1603 3071 1808 3138 amantissimae

499 3168 737 3228 44441444464,
765 3179 883 3232 quarum
900 3179 963 3234 pars
988 3167 1030 3217 bis
1054 3165 1140 3217 1144414
1164 3168 1291 3231 insignita
1319 3181 1453 3223 rverrrvl
1481 3182 1615 3226 resisus·
1648 3185 1712 3237 pers
1741 3184 1810 3225 trau

497 3270 530 3307 ao
548 3267 619 3311 Gau.
646 3256 715 3306 aliae
734 3260 760 3307 et
779 3255 822 3306 bis
840 3256 911 3307 uotis
930 3257 1070 3307 exaratae:
1097 3266 1172 3312 4444.
1198 3259 1224 3306 44
1243 3268 1306 3310 satu
1329 3266 1422 3310 40444.
1453 3258 1480 3308 14
1499 3260 1551 3321 444,
1572 3258 1740 3322 Pompeium,
1761 3259 1809 3322 qui

497 3356 529 3393 4ο
547 3341 619 3393 beiio
637 3340 735 3392 urbem
754 3342 925 3406 expugnavit.
964 3341 1081 3393 Glandes
1106 3342 1243 3393 interdum
1263 3345 1289 3392 44
1313 3339 1482 3406 proditorum
1501 3341 1562 3416 loco
1581 3338 1700 3393 fuerunt.
1738 3343 1808 3394 Hirt.

497 3427 525 3476 iu
545 3427 621 3478 Caes.
643 3427 696 3478 bei.
717 3419 800 3490 Hisp.’
821 3430 848 3476 44
865 3441 891 3490 q.
909 3440 932 3478 s.

464 3526 524 3578 pag.
540 3515 566 3560 44
590 3512 638 3564 liu.
652 3515 683 3561 44
703 3525 717 3562 4
736 3511 789 3562 flue
808 3505 858 3577 p'ro
878 3513 954 3563 Porta
971 3512 1075 3563 scribe:
1097 3514 1128 3563 de
1145 3515 1171 3563 lo
1190 3513 1274 3563 Porto.

463 3611 525 3662 pag.
540 3600 570 3646 at
591 3595 683 3649 limiti
702 3600 765 3648 aute
780 3591 835 3648 ‘Ea'
857 3597 941 3648 adde:
962 3597 1003 3647 Ab
1015 3599 1147 3649 bleestero
1160 3598 1194 3648 de
1206 3598 1351 3649 Ravesteiu
1369 3597 1535 3664 descriptam
1554 3597 1679 3648 exhibuit
1690 3599 1811 3650 8414444-

498 3695 575 3734 mans
595 3683 707 3735 14441464
730 3684 776 3735 das
799 3685 974 3734 conscissione
998 3681 1067 3735 d’ort
1085 3683 1146 3732 viu
1162 3684 1248 3746 (4444)
1267 3696 1294 3748 p.
1310 3686 1374 3734 888:
1406 3695 1474 3737 .1.x.
1505 3673 1562 3756 (aut
1592 3673 1672 3754 .x.1.)
1706 3686 1809 3736 omisso

498 3766 620 3818 fulmine.

463 3866 522 3918 pag.
537 3857 568 3903 45
588 3852 623 3902 ad
640 3867 659 3903 o
675 3853 759 3905 adde:
779 3851 814 3905 ci.
832 3866 858 3919 p.
878 3853 967 3904 XXX.

462 3951 523 4004 pag.
544 3941 575 3988 ts
595 3937 642 3988 lin.
665 3942 692 3987 44
722 3953 738 3989 a
760 3937 814 3990 11444
831 3951 880 4004 pro
895 3935 935 3989 ‘iu
959 3939 1075 3989 solis-
1093 3931 1194 3989 eastat'·
1216 3937 1319 3989 scribe:
1346 3933 1385 3988 ‘in
1415 3936 1489 3988 uuila
1517 3937 1570 3988 4114
1597 3938 1695 4004 glande
1722 3941 1813 3991 Ascu-

500 4024 562 4074 1444
581 4016 685 4074 erstat'.

464 4121 525 4174 pag.
541 4111 572 4159 to
591 4107 668 4159 11444
688 4121 738 4174 pro
758 4112 783 4168 4,
799 4111 829 4158 44
850 4107 955 4160 scribe:
976 4113 1019 4170 94,
1034 4112 1076 4160 44.

463 4208 524 4260 pag.
540 4197 571 4243 54
590 4193 637 4244 liu.
652 4199 678 4244 44
702 4198 778 4259 prot
799 4193 902 4244 scribe:
925 4198 939 4243 4
959 4193 1099 4244 44114444
1117 4198 1195 4260 proti
1214 4192 1320 4245 scribe:
1341 4197 1366 4246 7.

462 4292 524 4345 pag.
539 4281 570 4328 54
589 4279 637 4329 liu.
659 4283 672 4326 4
693 4293 709 4329 4
727 4278 780 4328 tine
799 4291 850 4342 pro
868 4280 918 4328 tot
937 4279 1042 4330 scribe:
1065 4283 1123 4330 444.

462 4379 523 4430 pag.
539 4364 580 4428 54]
602 4363 732 4416 Glandem
751 4377 778 4414 u.
791 4359 837 4424 66,
851 4367 876 4425 t,
897 4377 979 4428 quam
994 4365 1151 4414 Perusinum
1169 4377 1229 4415 4444
1246 4365 1361 4425 conieci,
1376 4363 1559 4415 Mommsenus
1578 4365 1605 4413 in
1624 4365 1705 4429 corp.
1724 4366 1810 4416 inser.

496 4451 554 4501 Lat.
575 4452 597 4501 V
615 4464 643 4503 u.
659 4447 751 4514 tow,
769 4449 817 4500 ubi
835 4463 870 4500 ex
887 4448 1026 4502 iiuebueri
1048 4453 1075 4500 44
1093 4450 1233 4514 (aversam)
1259 4463 1290 4500 ex
1309 4449 1410 4500 Bookei
1432 4449 1548 4500 lectione
1566 4449 1702 4511 exhibuit,
1728 4452 1815 4515 Aqui-

497 4535 566 4586 leiae
585 4539 719 4600 repertam
737 4548 797 4586 4444
816 4538 889 4586 44444
908 4536 1025 4598 negavit.

463 4634 523 4686 pag.
539 4623 566 4670 44
590 4621 638 4672 lin.
655 4626 668 4671 t
688 4633 737 4686 pro
750 4613 920 4684 ι(1444414144)
939 4621 1013 4685 apud
1030 4614 1130 4671 Minio?
1151 4620 1257 4671 scribe:
1273 4611 1430 4671 ‘Minicius’.

463 4719 523 4771 pag.
535 4709 567 4756 ro
587 4706 634 4756 liu.
658 4711 667 4755 4
690 4719 740 4772 pro
759 4705 782 4754 V
799 4704 904 4756 scribe:
926 4706 970 4756 Vt.

464 4805 525 4857 pag.
541 4796 573 4842 44
592 4792 639 4843 114.
662 4796 676 4841 9
694 4806 744 4857 pro
762 4802 845 4846 Ntov
869 4791 972 4843 scribe:
995 4799 1085 4844 44404.

463 4888 526 4943 pag.
541 4880 573 4927 44
592 4876 626 4926 ad
646 4889 672 4926 n.
693 4881 777 4938 ttt‚·
794 4876 880 4928 adde:
901 4876 935 4927 41.
953 4890 981 4942 p.
997 4875 1085 4928 XXX.

465 4974 527 5026 pag.
542 4965 573 5011 44
593 4960 640 5011 lin.
663 4965 675 5010 4
694 4973 710 5010 4
729 4960 782 5012 fine
800 4975 850 5027 pro
869 4961 949 5027 tegito)
971 4961 1077 5013 scribe:
1098 4961 1188 5025 tegio).

463 5061 523 5113 pag.
540 5049 589 5096 444
608 5060 634 5097 u.
650 5045 718 5098 oto*
736 5047 839 5099 scribe:
862 5058 940 5100 4·Λ·4
960 5048 1078 5111 (punctis
1096 5045 1206 5108 dubiis).

464 5144 524 5196 pag.
544 5135 592 5182 444
611 5131 646 5182 ad
663 5144 691 5182 u.
712 5128 763 5180 to*
780 5131 828 5182 tin.
847 5132 968 5197 paenuit.
988 5145 1037 5196 pro
1053 5123 1094 5181 ‘et'
1114 5130 1217 5181 scribe:
1235 5122 1309 5181 ‘aut'.
1514 5175 1516 5180 .

463 5227 528 5280 pag.
542 5216 654 5266 4441144.
669 5219 700 5264 47
711 5216 746 5266 ad
761 5208 891 5278 ‘optaram
905 5215 976 5267 male
988 5210 1096 5267 iectum’
1111 5228 1171 5280 sqq.
1186 5215 1270 5266 adde:
1285 5216 1323 5266 De
1336 5215 1388 5267 bao
1402 5216 1579 5280 inscriptione
1593 5215 1708 5279 tegenda
1721 5229 1817 5279 quau-

499 5305 557 5353 tum
582 5301 736 5352 dubitatum
755 5302 805 5363 sit,
831 5302 865 5352 ad
885 5315 911 5352 o.
925 5296 961 5352 36
982 5302 1118 5352 adnotavi.
1157 5303 1185 5351 in
1204 5301 1353 5365 Bergkiana
1369 5297 1420 5352 rt*
1433 5305 1476 5352 tot
1506 5315 1559 5353 uon
1584 5307 1691 5364 optares
1714 5307 1816 5364 exstat,
