3902 6238
459 620 580 669 XXXVI
1029 611 1231 662 PRAEFATIO.

548 783 631 866 (rog
660 783 742 845 0000
770 782 849 864 (coci,
868 804 895 846 a
918 781 959 843 c.
984 802 1018 844 n.
1037 782 1076 843 00
1094 783 1193 864 nug
1230 783 1312 843 0000
1340 781 1464 864 (ee,1);
1498 783 1579 844 0000
1601 781 1684 864 (cog
1721 783 1803 846 0000

549 886 632 968 (64);
669 887 745 946 4464
771 884 854 968 (ei),
890 886 970 949 4404
989 885 1101 965 (87,0;
1127 885 1208 948 hano
1230 887 1326 948 etiam
1349 884 1579 967 interpolavit).
1635 887 1807 967 Suspectas

545 1008 609 1051 non
631 991 664 1050 in
684 990 897 1069 suspicionem
916 988 1039 1050 vocavit
1061 989 1132 1050 has:
1160 989 1221 1050 966
1242 987 1325 1071 (47);
1352 990 1413 1049 969
1431 987 1510 1070 (48);
1546 990 1607 1050 974
1628 987 1711 1071 (46);
1744 989 1806 1049 969

551 1090 656 1172 (mli
685 1092 766 1152 4496
789 1091 887 1173 (tta).
913 1087 1069 1164 -Quod
1092 1089 1132 1152 ad
1155 1090 1281 1172 spurias
1304 1092 1433 1168 attinet,
1460 1109 1523 1152 non
1548 1092 1651 1154 solum
1675 1091 1807 1172 glandes

544 1197 648 1257 musei
671 1196 869 1257 Xireheriani
891 1194 1009 1257 llinicii
1032 1201 1134 1255 aetate
1158 1193 1308 1257 confictas
1330 1213 1362 1256 n.
1383 1195 1523 1255 t*-t6*
1557 1191 1607 1275 404.
1634 1211 1716 1274 quae
1739 1194 1807 1256 dixi

546 1318 580 1378 p.
598 1299 638 1357 88
656 1294 742 1378 sqq.)
768 1296 874 1359 denuo
896 1307 931 1359 ut
954 1297 1108 1377 genuinas
1131 1295 1233 1358 edidit
1245 1295 1279 1379 ¹),
1306 1295 1364 1359 sed
1386 1295 1482 1357 etiam
1504 1298 1588 1358 inter
1603 1297 1722 1376 primos
1745 1305 1803 1374 est,

546 1402 602 1480 qui
625 1399 796 1481 glandibus
818 1399 925 1461 Asculi
949 1401 1069 1461 ineusis
1092 1398 1218 1479 decepti
1242 1409 1317 1461 sunt
1343 1397 1454 1479 (edidit
1476 1399 1561 1459 enim
1584 1398 1646 1459 iam
1669 1417 1698 1460 a.
1724 1399 1806 1458 4866

545 1513 582 1564 04
603 1504 775 1582 genuinam
798 1520 832 1562 n.
858 1501 927 1582 874,
947 1499 989 1582 0);
1027 1501 1096 1583 ipse
1120 1499 1330 1583 quadraginta
1353 1501 1480 1562 incusas
1502 1498 1665 1580 possidere
1688 1519 1722 1562 se
1746 1502 1805 1582 ait,

547 1623 627 1685 quas
649 1613 685 1667 ut
707 1605 862 1684 genuinas
885 1624 918 1666 se
937 1605 1144 1685 acquisivisse
1167 1611 1252 1665 certe
1274 1622 1338 1664 non
1360 1603 1489 1684 negavit
1516 1601 1805 1683 (cicatricatum

545 1727 578 1786 p.
606 1705 662 1766 444
692 1715 724 1768 04
745 1707 774 1766 X
796 1705 814 1764 6
839 1727 870 1787 p.
888 1705 976 1789 748).
1025 1705 1071 1767 Gi.
1097 1724 1180 1786 quae
1208 1705 1276 1767 dixi
1299 1726 1330 1786 p.
1347 1706 1388 1767 92
1405 1725 1455 1788 sq.
1479 1740 1523 1750 —
1553 1705 1640 1778 Quae
1663 1725 1735 1768 oum
1764 1707 1807 1769 ita

546 1817 671 1889 essent,
705 1808 918 1872 Garruociana
945 1809 1042 1872 editio
1064 1818 1110 1870 tot
1140 1807 1312 1888 glandibus
1340 1810 1460 1889 spuriis
1482 1818 1592 1888 totque
1615 1808 1808 1871 lectionibus

547 1910 636 1974 404040
659 1909 846 1992 deturpata,
880 1912 955 1973 mihi
986 1911 1108 1973 nullius
1138 1911 1206 1972 lere
1239 1929 1318 1972 usus
1349 1910 1422 1972 luit.
1478 1911 1582 1973 Etiam
1613 1929 1696 1974 anno
1725 1911 1805 1972 4883

547 2032 671 2076 0000000
705 2013 774 2076 0400
808 2011 1007 2094 deceperunt
1027 2014 1187 2075 Victorem
1208 2013 1319 2094 Poggi,
1350 2015 1407 2094 qui
1431 2014 1463 2074 in
1488 2013 1636 2076 diurnale
1657 2016 1808 2097 Ligustico

545 2117 574 2177 X
598 2136 629 2196 p.
650 2116 710 2176 498
727 2134 775 2196 sq.
802 2115 843 2177 ad
866 2117 1110 2196 inscriptionum
1133 2116 1167 2176 in
1190 2114 1360 2196 glandibus
1384 2125 1583 2196 repertarum
1607 2134 1725 2196 genera
1749 2117 1807 2179 de-

546 2217 750 2280 monstranda
766 2238 838 2280 cum
852 2218 1064 2281 Garruociana
1076 2216 1201 2298 Sylloge
1216 2235 1295 2280 usus
1311 2227 1395 2280 00004
1409 2219 1486 2298 0040,
1502 2219 1587 2280 inter
1597 2221 1710 2281 XXllll
1725 2239 1807 2302 quae

546 2320 654 2383 attulit
670 2322 816 2401 exempla
831 2321 957 2401 spurias
979 2330 1064 2400 octo,
1084 2328 1251 2401 suspectas
1273 2320 1325 2381 vel
1346 2318 1427 2384 male
1450 2322 1550 2384 lectas
1573 2323 1626 2383 llll
1643 2322 1781 2386 admisit.

461 2422 615 2486 Gazzurra
643 2422 957 2508 44404040404609000
973 2421 1001 2485 d’
1017 2409 1164 2486 44044044
1184 2424 1305 2507 4409940
1324 2420 1418 2485 4870.
1436 2423 1574 2487 -Vide
1591 2423 1679 2488 adn.
1698 2427 1750 2505 86,
1770 2446 1802 2488 0.,

460 2525 598 2589 Achilles
620 2526 820 2588 Granianon.
844 2561 889 2571 -
910 2525 989 2588 Vide
1012 2524 1053 2587 ad
1075 2545 1108 2587 n.
1134 2526 1186 2588 58.
1630 2524 1634 2533 '

462 2629 616 2693 Gronnans
639 2630 790 2713 Ligustico
813 2629 848 2692 44
868 2629 1069 2713 0006οο40940,
1095 2630 1192 2692 storia
1214 2648 1229 2690 0
1252 2629 1433 2692 4090004000
1455 2629 1518 2693 dir.
1544 2629 1585 2692 do
1606 2631 1641 2694 L.
1671 2633 1710 2691 T.
1736 2631 1810 2693 Bel-

545 2751 644 2816 900000
667 2732 704 2794 ed
725 2731 763 2795 A.
789 2732 875 2794 Neri.
902 2731 1042 2793 Genova.
1071 2767 1108 2776 -
1132 2730 1210 2793 Vide
1233 2752 1266 2812 p.
1284 2733 1354 2792 XIX
1377 2741 1408 2795 04
1431 2751 1527 2814 supra
1542 2734 1576 2794 in
1593 2734 1650 2796 hac
1666 2752 1738 2814 pag.

465 2834 619 2898 Grunnius
643 2835 804 2916 0040044400
876 2833 911 2895 di
925 2835 1058 2917 Panapio
1074 2834 1156 2897 4836
1181 2853 1213 2895 0.
1233 2834 1360 2897 ai-ae
1389 2834 1626 2918 (Vermiglioli):
1651 2855 1682 2900 v.
1701 2856 1734 2899 n.
1753 2836 1806 2911 68;

548 2936 601 3018 74,
621 2957 649 3015 0;
676 2935 728 3017 77,
748 2956 777 3013 13
811 2935 869 3014 783
903 2935 955 3018 84,
974 2957 999 3000 a.
1029 2971 1074 2982 -
1098 2935 1179 2996 4869
1204 2935 1288 3016 disp.
1316 2940 1328 2999 4
1362 2934 1610 3020 (140004-800444);
1642 2958 1675 3000 v.
1700 2957 1733 3000 0.
1751 2939 1804 3002 52.

550 3075 587 3085 -
614 3041 695 3100 4869
725 3037 775 3120 (de
797 3039 949 3122 Minicis):
976 3058 1008 3100 v.
1035 3057 1067 3100 n.
1094 3038 1164 3100 3l*.
1189 3073 1234 3084 -
1257 3041 1334 3101 4864
1363 3039 1445 3121 disp.
1472 3041 1509 3103 2:
1536 3060 1567 3102 v.
1593 3060 1625 3102 n.
1652 3043 1704 3122 86,
1725 3063 1748 3104 0.

460 3145 556 3206 lanus
585 3141 722 3222 Gnvrrn,
754 3141 979 3222 inscriptiones
1008 3139 1112 3224 [4693)
1144 3161 1177 3222 p.
1206 3142 1299 3222 4468,
1327 3144 1410 3204 4-6
1434 3153 1500 3205 4000
1522 3143 1654 3224 glandes
1677 3162 1710 3205 n.
1733 3146 1762 3224 4,
1783 3167 1806 3208 1.

550 3246 601 3308 43.
629 3244 680 3324 46,
699 3266 711 3306 ι
734 3243 894 3306 exhibuit.
938 3244 1001 3305 Eas
1023 3245 1185 3324 accepisse
1201 3263 1276 3306 eum
1298 3252 1375 3326 puto
1397 3245 1438 3308 ab
1453 3247 1568 3327 Lipsio,
1595 3248 1652 3326 qui
1675 3265 1703 3308 0.
1725 3248 1809 3308 4696

549 3349 619 3430 ipse
642 3346 754 3408 edidit.
795 3346 922 3409 Litteris
944 3347 1102 3428 expressit
1125 3354 1161 3409 ut
1182 3346 1309 3428 Lipsius
1330 3347 1529 3430 vulgaribus,
1555 3349 1680 3411 omissis
1703 3358 1810 3412 autem

547 3448 710 3532 glandium
733 3447 938 3530 imaginibus.

462 3553 615 3634 Georgius
644 3553 820 3632 varnnn,
853 3551 982 3614 Siciliae
1010 3553 1159 3632 antiquae
1189 3551 1329 3615 tabulae.
1377 3550 1425 3616 Gi.
1455 3554 1626 3616 llommsen
1655 3553 1749 3634 Gorp.
1781 3556 1810 3616 X

548 3677 581 3737 p.
601 3652 661 3716 ’444
686 3673 758 3737 sqq.
807 3653 962 3717 Editionis
985 3655 1141 3736 principis
1165 3654 1326 3728 Panormi,
1360 3673 1442 3718 anno
1464 3664 1501 3718 ut
1522 3655 1589 3718 vid.
1617 3655 1717 3736 4624,
1748 3658 1811 3718 im-

549 3776 677 3841 pressae
706 3756 764 3820 sed
795 3755 979 3838 imperfecte
1010 3757 1138 3820 relictae
1167 3757 1230 3820 duo
1251 3759 1399 3820 novimus
1421 3758 1631 3840 exemplaria,
1673 3778 1810 3840 quorum

548 3879 647 3924 unum
669 3861 785 3922 Romae
808 3859 841 3922 in
866 3858 946 3923 bibl.
971 3858 1187 3922 Alexandrina
1210 3859 1403 3942 Dresselius,
1434 3861 1572 3924 alterum
1593 3860 1678 3944 apud
1702 3880 1812 3924 sacer-

549 3963 655 4026 dotem
678 3962 893 4025 Castronuovo
916 3964 949 4023 in
972 3963 1074 4024 Monte
1097 3965 1130 4025 S.
1156 3961 1303 4026 Giuliano
1325 3965 1536 4026 llomm'senus
1557 3962 1652 4026 vidit:
1685 3972 1812 4026 utrum-

550 4084 613 4147 que
635 4066 728 4128 titulo
751 4073 851 4142 caret;
878 4064 1054 4145 posterius,
1080 4083 1168 4127 nunc
1191 4066 1334 4126 Panormi
1356 4067 1389 4127 in
1411 4065 1603 4128 bibliotheca
1625 4069 1728 4129 musei
1752 4066 1812 4129 ad-

549 4176 728 4246 servatum,
765 4167 907 4230 continet
935 4166 1128 4229 Tabularum
1158 4186 1190 4248 p.
1217 4167 1320 4227 4-83
1350 4175 1382 4228 04
1409 4167 1577 4230 Animadv.
1607 4187 1640 4249 p.
1667 4169 1808 4250 4-464,

549 4271 642 4353 prius
668 4269 798 4350 eadem,
831 4269 892 4332 nisi
917 4268 1003 4350 quod
1031 4269 1065 4328 in
1086 4266 1147 4330 An.
1173 4289 1205 4350 p.
1228 4270 1288 4330 446
1312 4267 1442 4332 desinit.
1465 4305 1510 4315 —
1531 4268 1591 4331 Ed.
1617 4270 1636 4331 2
1661 4271 1694 4332 in
1718 4272 1812 4334 titulo

550 4373 692 4437 exhibet:
715 4364 884 4435 ‘llessanae
909 4365 984 4436 Gli).
1010 4363 1086 4438 lue.
1109 4361 1228 4453 XXrV’,
1253 4371 1311 4434 sed
1326 4370 1445 4454 prodiit
1464 4392 1492 4435 0.
1514 4372 1609 4453 4696,
1635 4374 1692 4454 qni
1708 4392 1812 4437 annus

551 4487 583 4540 et
603 4474 801 4539 Dedicationi
831 4485 863 4538 et
885 4477 1059 4538 Gensorum
1085 4474 1305 4557 approbationi
1333 4473 1533 4556 subscriptus
1556 4483 1616 4538 est.
1664 4475 1814 4540 Continet

550 4579 741 4643 Tabularum
757 4599 813 4661 pp.
833 4578 905 4660 498,
931 4578 1037 4640 Anim.
1054 4597 1110 4659 pp.
1131 4578 1204 4639 484.
1244 4578 1290 4641 Εο
1305 4577 1411 4640 denuo
1432 4597 1549 4640 excusa
1569 4586 1618 4640 004
1632 4579 1667 4639 40
1683 4578 1811 4641 Graevii

549 4683 710 4746 Thesauro
732 4685 855 4763 antiqq.
880 4681 1006 4743 Siciliae
1029 4680 1091 4742 vol.
1107 4681 1158 4762 Vl,
1184 4679 1285 4762 Lugd.
1300 4682 1366 4744 4404.
1387 4680 1483 4743 lisa.
1507 4715 1550 4725 -
1572 4679 1698 4742 Latinas
1720 4681 1814 4762 glan-

551 4785 609 4849 des
624 4787 658 4847 40
674 4785 726 4848 ed.
746 4784 757 4845 4
787 4793 916 4865 praeter
932 4783 1095 4864 lipsianas
1117 4801 1148 4844 n.
1170 4783 1221 4845 43.
1242 4785 1334 4864 ll,1.
1355 4784 1433 4862 l6,1
1457 4783 1590 4862 protulit
1612 4782 1668 4844 has
1682 4793 1813 4848 auctore

550 4909 614 4952 non
638 4887 793 4952 indicato:
819 4906 852 4949 n.
872 4887 902 4966 9,
921 4905 948 4950 00
965 4895 998 4948 04
1012 4905 1039 4948 ac
1067 4882 1117 4967 (cl.
1142 4885 1223 4947 inira
1244 4905 1279 4966 p.
1298 4883 1386 4966 tia).
1412 4887 1447 4946 40
1471 4884 1521 4946 ed.
1541 4886 1560 4947 9
1583 4882 1644 4948 An.
1662 4904 1696 4966 p.
1711 4886 1752 4948 96
1768 4911 1814 4940 =

552 4993 643 5055 Thes.
659 4992 697 5054 Vl
722 4991 778 5052 384
808 4987 932 5052 addidit
947 4988 1022 5051 Seb.
1041 4987 1199 5049 Antonelli
1228 4988 1259 5070 (i.
1279 5007 1308 5050 e.
1326 4986 1600 5069 Andreantonelli)
1627 4986 1667 5050 de
1691 4988 1816 5051 Castel-

536 5163 560 5225 4)
582 5161 713 5214 Glandom
731 5175 758 5214 n.
773 5157 806 5212 a*
824 5161 841 5212 4.
857 5161 889 5211 ll.
905 5160 964 5211 4404.
985 5159 1163 5210 Garruocium
1176 5170 1291 5210 numero
1305 5169 1355 5209 suo
1368 5161 1418 5208 949
1439 5157 1679 5224 comprehendisse
1698 5161 1764 5225 puto
1783 5163 1816 5212 ut

465 5247 535 5300 solet
552 5247 659 5300 diversa
678 5247 801 5300 eiusdem
819 5246 1004 5311 inscriptionis
1027 5243 1191 5310 exemplaris
1219 5257 1273 5295 non
1292 5243 1468 5308 distinguere.
1511 5243 1590 5296 Certe
1608 5257 1642 5296 ne
1660 5244 1731 5296 hane
1749 5247 1816 5309 qui-

465 5333 528 5386 dem
546 5345 662 5398 nsquam
681 5333 830 5384 damnavit.
