3930 6224
462 616 533 688 108
961 629 1120 680 44444444
1140 629 1297 680 saumae.

493 821 628 869 488-444
650 819 723 881 (cum
742 820 802 870 aliis
821 821 878 880 884)
903 820 976 869 Noeta
993 832 1075 869 444444
1092 820 1207 882 44444444
1223 833 1272 883 quo
1289 821 1326 870 les
1344 819 1511 881 capiditcors
1528 817 1625 871 o'oieot
1640 832 1691 882 pot
1706 823 1764 884 pria
1783 822 1808 870 44

526 908 584 956 solo
601 907 633 955 44
655 906 800 970 distinguer
818 905 855 955 los
873 907 938 956 trois
958 918 1154 968 4444444444.Ι
1185 904 1285 965 decoll,
1310 907 1355 968 qai
1378 905 1448 955 444444
1466 907 1538 955 44444
1561 905 1651 967 [corni
1676 906 1712 954 444
1736 906 1807 956 444444

526 991 609 1042 etrier
634 992 815 1053 precedentes,
842 988 901 1042 atre
924 996 948 1041 ot
966 992 1117 1051 florerem,-
1145 993 1214 1041 mois
1236 1004 1304 1042 44444
1325 1004 1436 1053 cropoos
1459 1005 1508 1053 que
1529 988 1588 1041 c'est
1611 1003 1703 1040 encore
1721 989 1808 1042 Ascoll

526 1079 570 1139 qui
588 1091 605 1127 o
623 1077 649 1126 lo
664 1078 725 1140 pius
743 1077 816 1140 lorge
831 1081 894 1138 port
912 1077 978 1126 44444
996 1081 1035 1128 444
1052 1080 1127 1128 444444·
1144 1089 1298 1128 4444444444
1316 1075 1380 1128 4444.
1395 1078 1408 1125 4
1429 1077 1447 1139 (4
1455 1076 1514 1138 848)
1534 1089 1561 1141 p.
1576 1078 1618 1129 88.

494 1163 628 1212 tto—tao
654 1163 778 1225 (selectae
796 1177 828 1213 ex
847 1175 945 1226 magno
969 1176 1084 1214 numero
1108 1166 1221 1227 quartae
1246 1164 1326 1215 seriei
1344 1162 1444 1214 Asculo
1463 1162 1572 1224 missae)
1598 1163 1664 1212 itit.
1680 1162 1763 1214 Rollin
1781 1168 1805 1214 et

528 1249 675 1299 Fcoordoot
687 1253 731 1300 444
740 1261 779 1312 po
791 1261 819 1298 se
833 1261 963 1312 procurer
980 1251 1048 1314 4444
1064 1262 1115 1300 une
1131 1249 1264 1300 collection
1276 1247 1373 1300 cotiire
1384 1250 1416 1300 44
1428 1249 1508 1299 444444
1523 1253 1670 1311 provehant
1688 1251 1805 1312 4444444444

527 1333 558 1385 tie
575 1335 601 1384 to
618 1337 701 1386 444444
718 1347 809 1385 source
828 1336 883 1398 (cor
900 1347 966 1385 44444
984 1349 1065 1385 cocos
1081 1348 1128 1398 444,
1155 1336 1246 1398 depuis
1263 1335 1291 1386 lo
1305 1335 1464 1398 publication
1482 1335 1518 1384 444
1536 1332 1564 1384 4’
1580 1333 1719 1398 fasciculo,
1745 1336 1805 1398 qtiil

526 1419 570 1482 o’p
588 1434 620 1471 44
639 1423 710 1472 44444
728 1423 757 1472 oi
773 1422 804 1471 de
823 1421 971 1484 bioccroto,
997 1425 1025 1473 oi
1042 1420 1138 1484 444444,
1162 1423 1230 1472 mois
1253 1417 1355 1483 qo'olles
1378 1421 1474 1470 4444444
1492 1425 1575 1471 tontes
1593 1423 1671 1472 tiriae
1688 1421 1724 1471 4444
1738 1423 1803 1484 petit

525 1518 603 1555 court
625 1505 702 1556 ci’eoo
720 1507 764 1568 qui
782 1507 860 1556 beroe
878 1507 914 1556 444
931 1508 981 1557 aad
999 1507 1085 1559 Arcoli
1105 1507 1168 1571 (4.4.
1188 1504 1367 1570 Castaliarum).
1407 1505 1477 1558 Getta
1499 1504 1618 1556 44444444
1639 1507 1804 1557 collectim

526 1591 566 1641 444
586 1591 685 1653 (444444
708 1593 845 1643 walemont
869 1597 893 1643 et
917 1606 979 1643 avec
1000 1596 1057 1643 4444
1081 1595 1172 1656 depuis
1196 1593 1255 1644 bico
1277 1593 1323 1643 4444
1346 1593 1456 1652 contem
1484 1597 1509 1642 et
1530 1593 1564 1642 ils
1584 1597 1683 1654 porcat
1700 1593 1805 1655 copitar

527 1675 627 1727 d’oooir
638 1680 716 1738 44444,
736 1692 768 1728 cn
780 1691 832 1730 444
848 1677 907 1741 (444,
928 1679 951 1728 te
968 1680 1078 1730 44444444
1089 1681 1121 1730 444
1133 1683 1217 1730 toules
1229 1680 1266 1729 444
1283 1679 1434 1730 4444444444
1445 1680 1490 1740 qui
1507 1679 1565 1728 leur
1575 1680 1680 1729 44444444
1692 1678 1804 1741 tchoppt

526 1763 580 1812 lors
603 1765 647 1814 444
671 1766 736 1814 trois
756 1763 901 1827 preoaiires
919 1766 1086 1826 4444444444
1103 1777 1255 1816 numeneus
1272 1763 1366 1817 44448
1387 1763 1472 1826 (4846)
1492 1777 1517 1830 p.
1532 1766 1574 1815 88.
1591 1789 1626 1800 -
1651 1764 1688 1814 De
1706 1763 1804 1814 iisdem

525 1850 575 1897 448
589 1862 649 1914 sqq.
671 1849 738 1899 mihi
756 1850 953 1901 Feuardeutius
978 1851 1087 1914 scripsit
1112 1851 1209 1902 44444444
1228 1851 1298 1902 datis
1316 1849 1425 1900 Parisiis
1444 1852 1476 1898 48
1496 1849 1565 1899 Nov.
1581 1853 1658 1910 4848,
1678 1853 1750 1900 44444
1769 1849 1804 1900 de

526 1947 620 1986 earum
645 1936 750 1999 origine
768 1949 797 1986 ae
817 1936 939 1988 indicare
957 1949 1012 1986 non
1030 1948 1125 2003 posse,
1149 1937 1198 1988 sed
1222 1949 1253 1987 se
1277 1935 1390 1986 credere
1408 1937 1439 1985 ut
1461 1937 1615 1985 ceterarum
1637 1933 1655 1996 (t
1674 1937 1742 2001 sqq.)
1767 1936 1804 1986 444

525 2020 621 2070 harum
639 2021 808 2085 undeviginti
830 2026 923 2087 partes
940 2023 1097 2088 provenisse
1109 2023 1219 2076 Asculo.
1246 2021 1314 2074 Essa
1333 2022 1358 2070 in
1379 2021 1411 2071 iis
1429 2018 1543 2084 glandes
1561 2033 1577 2070 4
1596 2021 1695 2070 comite
1708 2019 1803 2086 Arpini

525 2105 663 2158 collectas.
701 2108 727 2157 ls
753 2108 802 2170 (sio
824 2106 880 2159 4444
898 2107 1101 2171 Feuardeutius)
1129 2107 1203 2158 haud
1221 2106 1317 2173 procul
1343 2106 1367 2170 (44
1390 2106 1511 2169 quelques
1528 2103 1683 2168 moraberis)
1703 2107 1803 2158 Asculo

524 2191 651 2244 habitans
663 2195 790 2258 quotiens
808 2195 834 2244 in
850 2192 878 2244 id
890 2195 1021 2259 oppidum
1033 2194 1108 2244 venit
1122 2192 1177 2256 (uhi
1196 2195 1223 2244 in
1242 2192 1339 2243 theatri
1353 2191 1493 2242 orchestra
1506 2190 1695 2257 symphoniaci
1713 2196 1804 2258 partes

524 2291 606 2342 agere
629 2279 838 2344 delectabatur),
862 2295 878 2331 a
902 2280 1042 2331 dulciariis
1065 2281 1093 2329 et
1115 2277 1275 2331 aurificibus
1297 2278 1409 2342 glandes
1428 2278 1455 2327 in
1474 2278 1533 2328 eius
1551 2290 1632 2328 44444
1651 2280 1804 2329 reservatas

525 2364 602 2422 emit;
628 2363 677 2415 sed
701 2365 815 2416 domum
839 2379 966 2417 reversus
991 2367 1183 2430 inscriptiones
1207 2364 1280 2417 solas
1303 2363 1515 2422 transcribebat,
1544 2362 1579 2414 444
1604 2364 1708 2427 origine
1735 2363 1803 2415 nihil

523 2447 679 2501 adnotabat.
722 2450 769 2502 llis
794 2451 829 2503 ab
846 2453 959 2517 Arpinio
978 2452 1101 2503 collectis
1126 2450 1266 2502 addidisse
1285 2465 1314 2503 se
1332 2449 1526 2501 Feuardeutius
1548 2451 1595 2512 ait,
1614 2461 1803 2515 quaecumque

525 2535 627 2586 interea
648 2535 711 2599 (4.4.
724 2541 869 2603 postquam
887 2539 1021 2588 448-444
1038 2537 1155 2603 accepit]
1175 2537 1269 2589 444444
1287 2541 1411 2604 repertae
1430 2539 1529 2588 essent.
1545 2562 1581 2574 —
1599 2535 1673 2587 llaec
1691 2536 1734 2586 vir
1751 2535 1803 2586 ho-

524 2622 696 2673 nestissimus
713 2623 819 2674 rettulit
836 2622 918 2674 relata
938 2625 1042 2674 scilicet
1062 2637 1078 2675 a
1095 2623 1285 2676 venditoribus
1303 2622 1454 2674 Asculanis.
1489 2621 1547 2686 Ego
1564 2621 1600 2673 de
1617 2633 1650 2672 44
1668 2635 1697 2672 44
1709 2621 1801 2673 Asculi

522 2708 666 2758 sciscitans
684 2720 709 2760 4.
727 2711 792 2758 4844
818 2723 833 2760 4
858 2711 952 2774 peritis
977 2711 1098 2775 comperi
1123 2710 1203 2762 haee:
1236 2711 1410 2761 Dominicum
1434 2709 1563 2759 comitem
1586 2707 1679 2773 Arpini
1706 2707 1738 2769 (44
1761 2710 1804 2759 te·

522 2792 669 2844 trachordo
681 2793 742 2844 soni
753 2795 915 2858 gravissimi,
935 2809 961 2860 q.
973 2810 999 2848 v.
1011 2796 1189 2857 controboaso‚
1208 2795 1325 2863 psallere
1343 2793 1467 2858 callebat)
1486 2793 1598 2858 glandes
1610 2792 1653 2843 444
1670 2792 1724 2844 4444
1742 2805 1804 2845 mo-

522 2880 652 2929 numenta
670 2877 785 2930 collecta
803 2893 888 2945 penes
906 2894 934 2932 se
952 2880 1083 2932 hahuisse
1102 2882 1205 2932 nemini
1223 2884 1409 2948 compertum
1436 2893 1489 2931 nec
1506 2879 1594 2944 magis
1617 2878 1713 2930 habuit
1734 2880 1804 2931 alter

523 2976 616 3015 comes
634 2965 738 3030 Arpini,
758 2965 839 3017 huius
856 2966 949 3028 irater,
970 2968 1035 3019 ciro.
1049 2969 1151 3022 44844
1171 2971 1306 3019 mortuus.
1350 2967 1436 3018 Huius
1454 2965 1565 3030 quidem
1579 2966 1641 3030 (444
1653 2964 1800 3028 4444444444)

523 3048 604 3101 vidua
625 3050 780 3113 (hiberottla
804 3053 918 3118 eiusque
942 3051 1060 3104 familiae
1081 3053 1161 3105 heres
1186 3053 1281 3116 unica)
1308 3052 1389 3104 hodie
1413 3065 1522 3117 quoque
1540 3063 1666 3102 museum
1685 3065 1800 3118 parvum

522 3137 645 3201 possidet
674 3142 929 3200 monumentorum,
963 3139 1012 3192 sed
1038 3152 1072 3189 eo
1096 3152 1150 3189 non
1178 3139 1297 3204 amplius
1327 3140 1383 3190 tres
1405 3141 1567 3204 quattuorve
1593 3137 1706 3203 glandes
1733 3150 1802 3190 oon-

521 3222 650 3275 tinentur.
670 3225 852 3276 -Fabulam
877 3224 952 3275 illam
970 3238 985 3274 4
1003 3224 1192 3276 venditoribus
1211 3225 1356 3275 Asculanis
1380 3223 1472 3275 4444444
1495 3236 1557 3276 4444
1578 3222 1721 3290 probabile
1745 3227 1796 3286 est,

521 3309 553 3357 ut
575 3309 744 3373 explicarent
769 3324 823 3376 quo
848 3309 949 3362 iactum
973 3312 1059 3372 esset,
1083 3312 1114 3360 ut
1138 3324 1221 3378 parvo
1240 3311 1371 3377 temporis
1390 3308 1533 3362 intervallo
1551 3311 1643 3360 tantus
1661 3309 1800 3374 glandium

521 3395 687 3461 scriptarum
706 3410 837 3448 numerus
854 3397 1017 3462 proveniret.
1053 3396 1182 3447 Ceterum
1200 3399 1294 3448 notare
1313 3409 1367 3447 uon
1379 3396 1520 3446 omiserim
1539 3397 1608 3446 teste
1627 3394 1801 3459 ephemeride

522 3478 699 3533 londiniensi
721 3482 852 3546 Acodeom
875 3487 884 3530 4
908 3481 1042 3533 1444844
1066 3495 1092 3548 p.
1112 3485 1127 3532 8
1151 3482 1265 3546 glandes
1291 3485 1356 3532 4888
1378 3475 1404 3532 ‘a
1427 3482 1528 3532 comite
1549 3475 1650 3545 Arpini
1671 3479 1802 3531 collectas

521 3577 617 3617 museo
634 3568 793 3620 Britannico
816 3567 921 3620 oblatas
946 3581 1019 3631 esse,
1045 3567 1080 3620 44.
1095 3569 1132 3619 44
1153 3567 1243 3631 Yeoipa
1267 3571 1299 3617 ta
1318 3569 1376 3620 lun.
1397 3569 1471 3617 4848.
1512 3565 1637 3618 Eundem
1661 3565 1800 3630 glandium

521 3663 667 3705 numerum
686 3653 721 3706 ad
739 3668 784 3706 me
801 3656 915 3705 miserat
933 3654 1130 3706 Feuardeutius
1152 3654 1223 3717 (44414
1236 3655 1395 3706 Menanter.
1411 3655 1478 3702 4848
1496 3666 1522 3718 p.
1536 3653 1589 3716 77);
1612 3664 1665 3702 non
1684 3651 1802 3704 dubium

522 3737 605 3800 igitur
627 3741 693 3805 quin
712 3740 824 3792 eaedem
843 3739 1033 3793 444444444144.
1070 3740 1149 3791 huno
1170 3743 1235 3792 4888
1255 3738 1417 3804 Purgoldius
1441 3750 1551 3788 mecum
1576 3739 1799 3802 communicavit,

522 3822 633 3874 easdem
651 3824 763 3890 glandes
774 3827 1001 3878 Feuardeutianas
1021 3827 1162 3889 (omnesne
1174 3838 1210 3877 an
1228 3838 1325 3890 magna
1343 3837 1377 3876 ex
1395 3823 1498 3890 pariet)
1517 3822 1552 3874 ab
1570 3835 1665 3874 museo
1676 3825 1802 3875 4444144-

522 3911 600 3960 44444
618 3915 723 3977 emptas
739 3924 808 3964 esse.
841 3913 914 3964 44444
935 3911 1101 3964 tredecima
1118 3911 1299 3964 Feuardeutto
1317 3911 1462 3976 aequisivit
1486 3922 1610 3961 museum
1627 3903 1801 3977 (4444444444,

522 3994 557 4046 de
575 3995 675 4061 quibus
693 3997 755 4048 vide
774 3995 842 4048 44444
860 4000 922 4050 ante
942 4011 969 4050 n.
983 3996 1041 4048 65*.
1061 4025 1096 4035 -
1119 3997 1198 4050 Adde
1222 3995 1294 4063 quod
1318 3998 1496 4056 (termasius,
1527 3995 1619 4046 Gioiltb
1639 3997 1727 4046 coitol.
1740 3995 1766 4047 Χ
1785 3999 1799 4046 4

525 4082 608 4146 (4844)
630 4095 658 4148 p.
670 4085 715 4132 444
739 4086 886 4134 memorat:
918 4083 938 4134 il
959 4083 1071 4148 saltatio
1093 4083 1196 4136 laototb
1214 4085 1240 4134 lo
1258 4083 1398 4136 collatione
1414 4083 1456 4134 det
1473 4082 1594 4133 cardinal
1612 4081 1725 4134 Pollotto
1742 4095 1757 4132 4
1773 4083 1803 4132 di

520 4165 583 4218 oltri
600 4168 699 4234 sipoori
718 4181 732 4219 e
749 4171 861 4234 4444444,
883 4168 917 4220 de
935 4169 1035 4235 quibus
1053 4169 1165 4222 aliunde
1183 4172 1274 4220 tamen
1293 4169 1331 4219 nil
1351 4171 1521 4234 compertum
1540 4171 1589 4222 est

488 4255 588 4304 t-ltl
607 4269 623 4307 a
640 4256 820 4307 Feuardeutio
844 4257 940 4322 accepi
961 4259 993 4306 48
1006 4256 1067 4310 4444.
1085 4259 1152 4306 4848
1171 4269 1235 4306 cum
1259 4255 1321 4307 41444
1339 4254 1455 4306 CLXllll
1474 4254 1625 4306 earundem
1643 4254 1802 4319 inscriptio·

520 4353 586 4391 num
605 4342 699 4394 alteris
716 4340 928 4407 exemplaribus,
949 4341 998 4393 sed
1016 4342 1115 4407 partim
1134 4340 1307 4402 clarioribus,
1327 4355 1361 4392 ex
1379 4340 1479 4404 quibus
1497 4340 1561 4391 has:

486 4429 668 4492 itio—liin
684 4429 768 4492 selegi
786 4427 910 4494 intraque
929 4427 1051 4480 exhibui.

487 4514 648 4566 448-4484
670 4528 687 4566 4
707 4515 886 4567 444444444ῑί4
905 4528 1012 4567 mecum
1031 4513 1251 4566 communicatae
1271 4516 1303 4562 ta
1321 4513 1391 4565 Nov.
1405 4515 1480 4563 4848.
1516 4511 1665 4563 1444444444
1689 4508 1801 4562 4444444

518 4597 666 4660 CCLXXII,
686 4601 734 4652 sed
754 4600 929 4652 continebant
940 4600 1040 4651 multas
1058 4600 1251 4664 inscriptiones
1264 4597 1423 4665 duplicibus
1442 4597 1584 4664 exemplis.
1621 4595 1662 4648 Ex
1679 4596 1722 4647 hie
1734 4597 1800 4647 ulti-

520 4684 573 4734 mis
585 4698 654 4750 quas
673 4685 742 4737 44444
757 4679 884 4747 exhibui,¹
904 4687 1024 4751 signatae
1042 4688 1107 4738 sunt
1124 4685 1221 4737 litteris
1241 4697 1272 4745 o,
1293 4685 1323 4746 b,
1342 4698 1356 4735 c
1374 4687 1400 4734 et
1418 4697 1445 4748 q.
1459 4696 1483 4733 s.
1497 4695 1581 4748 supra
1594 4683 1694 4734 additia
1715 4680 1800 4745 (44444

520 4770 605 4832 4484,
627 4772 717 4836 4484),
737 4771 859 4837 reliquae
882 4771 1038 4836 (448-468)
1062 4770 1125 4822 44444
1144 4771 1223 4833 4444,
1252 4782 1321 4835 quas
1339 4769 1444 4821 44444444
1470 4769 1592 4820 numeris
1619 4781 1686 4820 usus
1713 4767 1800 4819 edidit

519 4855 718 4920 Desjardinius.
756 4859 898 4909 Praeterea
916 4861 931 4906 8
951 4859 1009 4911 lun.
1024 4860 1089 4908 4848
1108 4855 1222 4920 glandes
1240 4855 1354 4908 XXXVI
1371 4859 1399 4906 et
1416 4854 1513 4906 eodem
1531 4853 1578 4904 illo
1598 4857 1630 4903 48
1649 4854 1718 4908 Nov.
1732 4856 1799 4905 4848

518 4942 632 5006 glandes
655 4942 726 4996 bxv
750 4944 948 4996 Feuardeutius
973 4942 1041 4993 mihi
1066 4942 1150 4994 misit.
1204 4940 1245 4994 Ex
1272 4942 1306 4993 iis
1331 4941 1420 5006 (plane
1446 4941 1521 4991 enim
1545 4939 1676 5006 gemellae
1701 4940 1800 4991 celeris

518 5030 603 5094 44444)
625 5029 713 5082 solam
730 5030 801 5082 hanc
821 5032 893 5081 4844
910 5028 980 5080 inira
998 5029 1222 5081 commemoravi.

519 5127 627 5182 (lorplx
688 5131 760 5173 ludex
1220 5127 1288 5179 corp.
1388 5127 1462 5169 Index

448 5195 501 5250 ol*
518 5197 617 5251 727ss
665 5203 712 5254 lii
1149 5195 1201 5252 04*
1221 5196 1320 5250 livi
1366 5201 1424 5250 lta

606 5273 621 5318 8
642 5204 818 5458 *nt-etl
841 5269 1059 5337 (utrumquahis)
1307 5272 1322 5318 8
1367 5266 1557 5330 444-(444

605 5342 619 5388 4
667 5340 838 5401 nessaeo
1307 5342 1321 5389 4
1367 5337 1431 5386 444

607 5409 620 5456 4
666 5407 836 5472 elisere
1308 5413 1322 5456 4
1368 5405 1431 5455 444
