3902 6238
727 629 928 680 PRAEFATIO.
1407 643 1504 692 xm

198 796 304 880 dium,
342 809 531 881 excerptum
562 819 603 862 ex
633 798 771 880 catalogo
799 804 834 863 L.
858 802 1018 881 lluelleri,
1053 804 1094 864 lo.
1121 802 1201 865 Lud.
1226 804 1393 886 Vssingius
1423 806 1502 867 mihi

196 901 338 984 benigne
361 903 537 965 transmisit
561 903 601 963 48
624 903 693 966 lun.
720 904 815 965 4883.

151 1004 392 1084 1444444444,
419 1023 564 1067 museum
586 1004 624 1067 de
644 1005 676 1067 lo
692 1007 778 1068 Porta
799 1006 926 1085 delict,
952 1005 1040 1087 quod
1061 1026 1124 1069 non
1146 1007 1227 1088 adii,
1254 1010 1395 1070 continet
1417 1028 1505 1072 nuno

197 1107 430 1189 supellectilem
453 1108 676 1189 antiquarium,
709 1127 805 1189 quam
828 1108 954 1190 collegit
976 1109 1010 1172 E.
1037 1108 1077 1172 de
1100 1112 1235 1173 licester
1257 1110 1298 1174 de
1320 1113 1501 1175 Ravestein.

199 1209 358 1287 Glandes,
384 1228 465 1290 quas
480 1211 751 1292 Bergkiusannal.
765 1212 866 1274 Rhen.
884 1209 982 1294 testo
1007 1213 1031 1294 (l
1039 1211 1111 1295 875)
1139 1233 1173 1294 p.
1191 1215 1232 1274 49
1248 1239 1290 1268 =
1306 1214 1501 1297 Solleudcrp.

201 1334 234 1394 p.
256 1313 315 1374 tlt
339 1315 373 1375 in
396 1332 508 1376 museo
529 1312 668 1394 quodam
689 1315 813 1394 privato
836 1325 962 1378 exstare
985 1314 1068 1378 dixit
1090 1323 1123 1378 et
1143 1318 1226 1379 male
1248 1316 1423 1398 descriptas
1445 1336 1504 1380 ex-

198 1416 322 1495 hibuit,
355 1415 616 1479 liavesteiniauas
645 1435 715 1479 esse
743 1417 823 1497 puto
857 1415 910 1498 (cl.
935 1417 975 1482 ad
1006 1437 1039 1479 4.
1058 1417 1126 1499 24).
1180 1420 1262 1482 Sunt
1291 1428 1398 1483 autem
1426 1421 1502 1482 hae:

199 1518 228 1598 4)
258 1539 303 1580 cu
325 1538 426 1582 44444
460 1515 506 1600 (ot
527 1518 578 1582 ed.
605 1519 641 1601 44)
676 1517 758 1601 [fort.
785 1539 819 1582 n.
845 1519 917 1601 86],
965 1521 996 1603 2)
1022 1541 1092 1583 avar
1114 1518 1236 1605 ultvi
1269 1520 1352 1602 [4444.
1377 1540 1409 1584 4.
1432 1522 1499 1604 73),

197 1623 228 1702 3)
259 1639 327 1685 ·r.x·
352 1619 510 1705 lplcdt'ua
542 1620 627 1702 [vide
650 1640 682 1683 4.
700 1624 740 1684 24
765 1622 900 1705 44444),
942 1623 971 1705 4)
999 1624 1366 1706 v1.-Bergkiusp.ti
1393 1623 1456 1707 [ed.
1476 1626 1501 1686 ll

196 1742 232 1804 p.
250 1723 303 1805 48)
337 1724 370 1784 44
392 1741 502 1785 museo
530 1725 701 1786 llavestcin
732 1723 880 1805 glandem
909 1726 1042 1788 Etmsce
1072 1727 1258 1806 inscriptam
1287 1737 1413 1789 exstare
1434 1746 1504 1788 mo-

197 1827 344 1889 moravit.
368 1859 412 1872 -
433 1824 479 1888 (li.
505 1825 547 1888 ad
567 1845 601 1890 n.
620 1827 674 1889 22.

154 1929 506 2009 Loadort,.museum
533 1930 762 1993 Britannicum.
809 1927 901 1991 Anno
925 1929 1007 1991 4874
1038 1931 1071 1992 44
1102 1949 1139 1992 44
1161 1931 1341 1994 examinavi
1363 1929 1502 2012 'glandes

197 2032 292 2112 CVII,
325 2031 542 2095 benivolentia
572 2031 701 2096 adiutus
737 2051 847 2096 eorum
877 2033 1033 2113 virorum,
1067 2035 1123 2114 qui
1153 2034 1252 2096 rebus
1281 2035 1422 2114 antiquis
1443 2033 1503 2096 ad-

201 2135 369 2198 servandis
390 2133 544 2216 praelecti
565 2145 651 2198 sunt.
697 2137 823 2199 Latinae
846 2145 922 2198 sunt
944 2155 1072 2198 novem:
1099 2155 1132 2199 n.
1151 2138 1182 2216 6,
1200 2159 1273 2201 44-44
1297 2137 1435 2219 (praeter
1448 2139 1505 2199 has

198 2248 335 2302 testante
365 2238 469 2302 Count
490 2236 519 2300 d'
542 2236 676 2301 Albanio
706 2239 744 2300 44
769 2240 828 2300 4444
853 2239 934 2300 4863
967 2248 1045 2302 tuno
1073 2240 1194 2302 nullam
1224 2259 1371 2304 museum
1400 2241 1505 2321 possi·

199 2341 296 2405 debat
311 2343 421 2404 Latine
444 2340 652 2423 inscriptam),
676 2361 710 2404 n.
728 2343 759 2419 4,
778 2362 822 2421 44;
850 2344 880 2422 9,
900 2362 943 2420 44;
972 2341 1032 2404 447
1053 2341 1182 2424 (susp.):
1209 2345 1279 2422 66*,
1299 2365 1323 2407 t.
1341 2362 1371 2419 4;
1400 2341 1471 2423 6744,
1490 2364 1502 2406 4

204 2445 334 2526 (spuria,
360 2453 396 2507 ut
415 2443 565 2524 videtur).
613 2446 805 2525 Saguntinas
827 2445 962 2507 Graecas
983 2444 1025 2507 ad
1045 2465 1079 2508 4.
1104 2446 1156 2526 tt,
1182 2446 1326 2527 lapillum
1350 2445 1396 2507 ibi
1418 2445 1505 2526 apud

199 2546 372 2610 Robertum
401 2546 511 2627 ileady
544 2555 723 2610 exstantem
750 2545 791 2608 ad
813 2566 844 2608 n.
864 2543 925 2608 974Ι
950 2548 1136 2610 memoravi.
1165 2583 1206 2593 —
1232 2548 1353 2629 Eotypa
1380 2567 1398 2610 a
1423 2549 1505 2610 4444-

201 2650 262 2730 dyo
285 2648 431 2712 facienda
452 2649 531 2711 mihi
553 2659 747 2712 curaverunt
767 2648 806 2712 4.
832 2651 864 2712 S.
889 2651 1015 2731 llurray
1036 2659 1068 2712 et
1096 2649 1272 2712 Guilelmus
1295 2651 1431 2731 Wright.
1460 2683 1504 2695 -

201 2752 340 2816 Glandes
363 2771 435 2814 cum
458 2760 530 2815 ante
560 2753 622 2814 iter
649 2771 756 2816 meum
786 2753 929 2815 italicum
959 2750 1151 2831 44444877,
1190 2768 1253 2834 quo
1282 2750 1417 2815 4444444
1448 2771 1505 2834 ge-

200 2856 310 2918 nuinis
332 2856 451 2918 certius
473 2854 657 2918 discernere
679 2852 790 2935 didici,
816 2855 1076 2936 examinaverim,
1102 2854 1236 2918 dubium
1255 2855 1332 2918 mihi
1347 2865 1502 2934 remanet,

202 2958 280 3039 quid
305 2957 345 3020 de
371 2976 404 3018 n.
425 2956 486 3018 447
510 2965 540 3019 44
562 2976 595 3019 4.
615 2955 717 3036 67*,4
746 2955 951 3020 statuendum
982 2959 1040 3035 sit3
1083 2957 1279 3039 reliquarum
1308 2956 1431 3021 indoles
1452 2958 1504 3019 vel

203 3081 242 3123 ex
264 3061 386 3142 ectypis
408 3069 496 3122 certo
519 3058 659 3123 discerni
681 3060 796 3141 potuit.

157 3163 374 3244 Liverpool,
408 3161 523 3243 Meyeri
552 3181 700 3224 museum
728 3180 815 3225 nunc
838 3181 910 3225 cum
940 3182 1050 3225 museo
1080 3163 1267 3244 municipali
1288 3164 1502 3228 coniunctum.

201 3264 279 3328 Vide
302 3283 335 3328 4.
355 3266 406 3340 66,
425 3287 450 3327 4.

157 3369 359 3431 Stortmorc
381 3369 412 3429 H
418 3368 467 3430 itt
492 3365 599 3448 (Greot
621 3369 798 3449 Stonmorc,
824 3367 1024 3451 Middlesem),
1051 3368 1087 3430 G.
1112 3369 1147 3430 D.
1170 3369 1206 3430 Ε.
1229 3370 1390 3433 Fortnum.
1424 3366 1504 3431 Vide

200 3489 233 3532 n.
251 3472 292 3532 26
314 3481 380 3533 not.
407 3471 459 3549 69,
478 3489 503 3533 4.
530 3471 581 3549 66,
601 3489 630 3548 4;
657 3470 709 3550 73,
729 3491 754 3533 4.

199 3572 258 3635 Vbi
282 3573 373 3654 glans
395 3593 428 3635 n.
447 3573 501 3652 50,
528 3590 625 3654 quam
648 3572 670 3634 l.
690 3573 723 3633 lt.
742 3573 830 3635 Pinto
853 3572 1007 3654 possedit,
1034 3593 1120 3636 nunc
1143 3581 1256 3649 exstet,
1284 3574 1401 3634 nescio.

158 3678 284 3740 Poris.
332 3674 363 3757 a)
389 3677 520 3738 Louvre.
559 3673 651 3737 Anno
668 3675 750 3737 4862
774 3693 920 3738 museum
942 3675 1135 3757 possidebat,
1161 3682 1288 3756 praeter
1309 3674 1505 3754 exemplaria

201 3779 414 3860 anepigrapha
430 3777 551 3856 decem,
575 3776 708 3858 glandes
724 3777 858 3842 Graecas
874 3796 997 3857 novem,
1024 3777 1150 3839 Latinas
1165 3775 1245 3838 duas
1267 3774 1309 3856 [n.
1328 3775 1381 3857 63,
1400 3797 1413 3838 4
1428 3784 1460 3837 et
1475 3775 1497 3855 4)

201 3889 280 3945 teste
293 3881 452 3944 Hadriano
467 3879 509 3943 de
521 3881 725 3961 Longperier,
744 3882 800 3961 qui
816 3881 942 3943 illarum
957 3881 1136 3962 apographa
1152 3898 1190 3941 eo
1205 3897 1287 3942 anno
1302 3897 1376 3940 cum
1390 3878 1504 3942 Fride-

202 3985 265 4046 rioo
279 3983 451 4045 liitschelio
474 3981 729 4045 communicavit.
752 4017 791 4028 -
805 3981 897 4045 4444
913 3983 995 4044 4849
1020 3991 1074 4046 aut
1091 3984 1172 4044 4869
1196 3980 1329 4063 glandes
1348 3982 1505 4045 marchio-

201 4087 251 4148 nis
265 4085 425 4167 Campana
440 4103 549 4148 museo
572 4085 677 4148 illatae
700 4095 786 4148 sunt.
832 4085 949 4148 Earum
964 4093 1045 4148 teste
1062 4085 1172 4150 Carolo
1186 4083 1323 4166 Purgold
1338 4083 1406 4166 (qui
1422 4103 1505 4146 anno

204 4189 283 4250 4883
307 4189 385 4251 mihi
407 4187 582 4251 delineavit
604 4188 654 4250 vel
678 4195 791 4269 ectypa
821 4187 905 4268 44444)
932 4196 998 4250 4444
1027 4209 1059 4250 4.
1080 4190 1110 4267 6,
1126 4210 1153 4252 oa
1175 4197 1207 4248 et
1231 4188 1283 4265 29,
1302 4205 1316 4248 4
1344 4197 1376 4249 44
1397 4187 1502 4264 tertia,

201 4291 321 4356 lulmen
341 4290 392 4372 [an
406 4308 637 4372 monogramme
654 4289 841 4372 Graecumi]
861 4289 1025 4370 exhibens,
1051 4291 1136 4353 solae
1152 4291 1308 4370 genuinae
1324 4298 1409 4368 sunt,
1428 4290 1506 4351 reli-

202 4413 281 4474 quae
294 4392 483 4475 (complures
497 4413 545 4456 4444
559 4395 742 4474 inscriptae,
755 4393 795 4457 de
809 4393 927 4474 quihus
939 4413 971 4456 v.
985 4392 1026 4456 ad
1041 4412 1075 4454 4.
1086 4394 1116 4472 6,
1128 4412 1167 4473 44,
1188 4389 1306 4454 444444
1321 4409 1353 4453 4.
1365 4387 1505 4453 33*-ot*

202 4507 233 4558 et
254 4497 387 4560 fortasse
409 4516 463 4576 44,
490 4516 586 4577 quam
608 4494 649 4558 ad
672 4515 705 4559 n.
724 4497 764 4557 38
788 4494 969 4577 memoravi)
996 4497 1124 4577 spuriae
1146 4503 1222 4557 sunt
1244 4511 1363 4558 omnes.

201 4599 227 4681 b)
256 4599 381 4662 04444444
402 4599 438 4662 de
460 4599 629 4662 4444444444.
673 4598 755 4661 Vide
778 4618 812 4663 n.
831 4600 861 4678 6,
880 4619 921 4677 44;
949 4600 980 4678 9,
998 4619 1036 4661 44.
1055 4619 1094 4661 aa.
1146 4597 1192 4658 Cl.
1218 4617 1252 4659 n.
1270 4598 1311 4657 38
1327 4606 1393 4659 not.

202 4705 226 4784 4)
261 4702 348 4783 apud
371 4702 526 4765 lulianum
550 4703 667 4765 Greau.
712 4700 793 4764 Vide
817 4720 851 4762 4.
869 4703 938 4780 994,
957 4723 981 4764 4.
1002 4722 1039 4764 to.

201 4803 230 4888 d)
257 4804 344 4887 apud
365 4804 555 4868 Feuardent.
602 4803 681 4867 Vide
704 4822 738 4867 n.
757 4801 827 4867 W.
854 4805 924 4865 644.
951 4802 1040 4867 9744.

162 4909 445 4972 St-Gcrmoia.
492 4908 570 4971 Vide
600 4927 632 4970 n.
652 4908 736 4988 63,4
766 4917 799 4970 44
828 4908 897 4986 964,
916 4927 941 4970 a.
988 4909 1119 4970 Praeter
1147 4905 1203 4968 has
1234 4913 1265 4966 et
1294 4903 1428 4966 Graecas
1456 4900 1505 4983 (de

200 5011 320 5093 quibus
341 5009 381 5072 cl.
404 5010 546 5087 Vischer,
572 5009 725 5091 Schra'ftea
748 5011 774 5071 ll
797 5029 830 5091 p.
849 5008 922 5091 272)
956 5009 988 5069 44
1013 5028 1050 5070 44
1074 5026 1184 5072 museo
1207 5014 1319 5088 ectypa
1342 5003 1506 5086 glaudium

199 5115 301 5177 musei
325 5113 469 5176 Perusini
493 5121 617 5176 exstare
641 5113 792 5193 comperi.

158 5219 267 5298 Lyca.
313 5215 395 5279 Vide
417 5235 450 5277 n.
470 5215 541 5296 80*,
562 5237 632 5279 4-44,

162 5321 358 5383 Toulouse.
404 5317 484 5382 Vide
506 5339 540 5381 4.
558 5321 628 5399 964,
648 5339 671 5380 4.

162 5425 357 5486 Tre'ooum.
402 5419 483 5482 Vide
506 5439 537 5484 n.
558 5419 628 5500 96*,
647 5439 672 5482 4.
