3922 6240
707 644 815 694 884448
834 643 917 694 aeni
936 644 1059 694 4848484.
1508 630 1551 700 51

254 840 320 896 dell’
335 842 406 895 Inst.
425 843 503 896 4878
528 855 557 909 p.
575 843 613 896 33
632 854 661 894 8.
681 843 717 894 43
742 838 838 894 addita
862 840 985 908 imagine
1000 840 1030 895 in
1052 838 1111 895 tab.
1128 840 1148 894 F
1164 855 1193 894 n.
1213 843 1262 905 46,
1288 839 1338 908 qui
1361 839 1455 894 minus
1477 842 1558 894 recte

256 955 384 1011 anire
406 943 474 1012 legit
501 934 579 1018 (inde
602 957 669 998 cum
691 943 825 1012 sequenti
846 941 1041 996 llommsenus
1056 940 1141 1012 Corp.
1160 941 1219 998 vol.
1238 941 1265 996 X
1287 941 1308 996 4.
1328 957 1356 995 o.
1376 957 1389 996 e
1412 948 1439 997 84
1461 937 1503 1016 s).

214 1047 230 1100 7
255 1043 366 1100 Salinas
387 1045 492 1100 Annali
514 1043 580 1099 dell’
603 1045 674 1100 44484.
704 1046 783 1100 4878
808 1059 837 1114 p.
859 1046 896 1099 33
921 1058 951 1099 n.
974 1047 1010 1102 44
1047 1034 1124 1117 (inde
1147 1044 1342 1100 llommseous
1363 1043 1384 1098 l.
1403 1059 1431 1100 8.
1449 1043 1485 1098 ad
1511 1037 1554 1112 84.

215 1145 325 1203 84844.
349 1147 410 1202 viii
437 1151 485 1202 48.
534 1148 692 1216 descripsi.
729 1175 772 1186 —
801 1147 903 1202 Notice
931 1162 980 1201 sur
1008 1146 1034 1201 le
1060 1143 1153 1202 4444888
1180 1146 1310 1202 Dodwell
1341 1149 1422 1203 4837
1453 1163 1483 1217 p.
1517 1149 1555 1203 27

255 1263 284 1302 n.
307 1253 365 1306 4044
395 1243 472 1322 (48448
488 1249 525 1304 448
540 1249 652 1304 44484848
667 1255 687 1305 t.
704 1249 729 1304 11
747 1252 785 1305 444
802 1247 904 1304 44448448
918 1247 1086 1318 vulgaribus
1101 1249 1268 1318 omissoque
1285 1248 1421 1316 fulmine3
1447 1265 1478 1319 p.
1494 1251 1550 1306 224

256 1354 324 1408 8.4
357 1358 385 1408 84
406 1368 436 1422 p.
457 1345 551 1428 2224;
589 1352 697 1408 4484884
728 1350 873 1408 Oberbair.
899 1351 1002 1406 4448848
1031 1353 1060 1423 7,
1086 1354 1145 1408 284
1169 1373 1212 1398 =
1233 1354 1304 1406 adm.
1338 1351 1444 1406 Boiern
1476 1354 1554 1408 4882

258 1469 287 1525 p.
310 1457 371 1514 272
396 1470 425 1509 n.
454 1458 530 1522 398;
568 1455 727 1510 4484848888
756 1453 841 1523 Corp.
867 1453 931 1508 48.
958 1458 1036 1524 688,
1072 1455 1122 1523 qui
1150 1452 1271 1511 contulit
1303 1446 1453 1530 (Garruoci
1482 1451 1553 1524 Syll.

258 1572 287 1611 8.
311 1550 416 1630 40824
458 1558 617 1612 Mommsen
641 1556 727 1626 Gorp.
752 1555 780 1609 X
803 1572 833 1611 n.
855 1558 936 1612 8337
952 1552 987 1622 Α,
1006 1557 1035 1611 44.

299 1659 341 1713 448
364 1658 489 1714 48844888
504 1659 621 1716 8488488
637 1664 761 1714 8888484.
804 1658 836 1713 48
853 1661 871 1714 7
895 1658 931 1713 ad
947 1659 1093 1714 sinistram
1108 1658 1235 1714 fulminis
1257 1659 1368 1714 litterae
1382 1660 1469 1713 unius
1489 1650 1553 1731 (834

214 1760 333 1831 vestigia
357 1766 469 1816 exstare
492 1759 603 1816 Salinas
625 1765 763 1829 testatur3
799 1761 852 1816 8844
875 1762 899 1814 48
922 1759 1087 1828 8444488488,
1122 1761 1172 1831 qui
1202 1761 1231 1815 in
1253 1760 1416 1816 ldonacensi
1440 1775 1558 1831 quoque

216 1862 374 1935 exemplari
403 1863 488 1933 plane
516 1863 639 1934 gemello
668 1866 797 1919 comitur
830 1853 906 1938 (44448
929 1862 989 1920 tab.
1017 1863 1077 1918 Vlll
1104 1855 1166 1938 454,
1199 1862 1270 1918 844444
1300 1862 1426 1918 fulminis
1449 1861 1559 1934 figurae

215 1965 331 2022 ridetur
353 1965 495 2034 particula
517 1980 592 2020 esse.
1220 1963 1224 1971 '

300 2066 377 2124 Olim
409 2083 475 2124 cum
508 2066 620 2124 nullum
654 2070 708 2123 nisi
742 2071 855 2138 ignotae
885 2069 1002 2139 originis
1029 2066 1177 2137 exemplar
1208 2072 1223 2123 8
1260 2072 1401 2134 exstaret,
1439 2073 1559 2140 propter

214 2170 348 2240 glandem
376 2171 542 2225 Penisinam
574 2169 704 2227 eiusdem
735 2171 891 2226 Salvidieni
921 2171 1087 2238 inscriptam
1116 2172 1178 2225 sic:
1224 2183 1395 2226 4444484444
1416 2162 1429 2244 4
1450 2170 1559 2243 fulmen

220 2263 259 2346 (8.
281 2264 329 2346 684
361 2272 432 2327 baec
462 2287 581 2343 quoque
607 2273 685 2330 bello
708 2274 845 2329 Perusino
873 2272 980 2329 tributa
1008 2277 1082 2338 est;-
1107 2271 1160 2326 sed
1182 2272 1283 2326 falsam
1311 2287 1376 2328 88444
1399 2286 1464 2327 8888
1487 2287 1559 2329 con-

215 2377 354 2430 iecturam
377 2390 471 2444 nuper
499 2381 679 2446 compertum
708 2382 762 2430 est.
813 2376 885 2430 Nam
913 2379 993 2431 88448
1016 2375 1180 2431 4884488848
1209 2376 1267 2429 4848
1296 2380 1406 2430 88448484
1435 2390 1500 2430 8884
1522 2375 1558 2430 ad

217 2477 426 2548 Leucopetram
460 2469 591 2552 (Pellaro)
626 2480 687 2550 agri
712 2478 813 2550 Regini
847 2478 1083 2549 promunturium
1111 2477 1235 2545 reperiri
1273 2471 1347 2548 (44448
1380 2476 1418 2532 844
1450 2470 1557 2552 4-44,

217 2577 336 2636 88444884
367 2595 441 2650 quae
464 2580 658 2636 Mommsenus
687 2581 774 2651 88444.
796 2581 823 2636 Χ
853 2596 883 2650 p.
911 2582 985 2634 48444
1021 2578 1058 2633 de
1086 2576 1141 2633 4488
1172 2577 1277 2649 glande
1307 2579 1470 2634 adnotavit:
1510 2563 1556 2648 ίΟ.

218 2680 416 2738 Salvidienum
445 2682 550 2738 Rufum
583 2681 712 2739 Salvium
745 2677 916 2758 (appellatur
947 2679 981 2746 Q.
1014 2679 1195 2736 Salvidienus
1217 2679 1307 2753 Rufus
1335 2679 1414 2751 apud
1436 2682 1558 2738 Dionem

218 2787 268 2850 48,
293 2788 341 2853 43,
380 2783 412 2851 Q.
436 2784 617 2841 Salvidienus
648 2786 708 2840 444.
736 2801 784 2856 ep.
815 2790 891 2852 423;
929 2783 1111 2840 Salvidienus
1132 2782 1222 2856 Rufus
1251 2782 1328 2853 apud
1358 2785 1479 2841 Dionem
1505 2787 1555 2852 48,

220 2890 268 2940 48.
289 2890 328 2942 33
353 2893 382 2942 84
404 2886 573 2943 Suetonium
594 2885 669 2956 Aug.
697 2890 752 2954 68;
790 2888 880 2961 Rufus
901 2886 1083 2943 Salvidienus
1111 2885 1189 2957 apud
1212 2885 1352 2941 Velleium
1376 2892 1405 2956 2,
1426 2891 1483 2954 764
1522 2885 1557 2953 Q.

216 2987 332 3044 Saluius
353 2989 384 3044 48
405 3004 525 3044 8848488
547 2987 624 3060 apud
639 2988 807 3045 Eolbelium
826 2993 854 3056 8,
874 2993 954 3057 298;
981 3005 1017 3045 ex
1039 2991 1163 3060 posteris
1183 2989 1246 3045 eius
1268 2990 1331 3044 sine
1353 2988 1443 3048 dubio
1459 2991 1561 3047 consul

218 3097 262 3147 est
284 3108 311 3146 a.
333 3095 370 3150 52
396 3093 428 3146 L.
451 3091 633 3147 Salvidienus
655 3092 745 3164 Rufus
766 3091 923 3148 Salvianus
944 3092 976 3148 C.
994 3092 1033 3148 iil
1055 3108 1084 3162 p.
1107 3086 1178 3165 8444
1209 3091 1314 3148 Caesar
1335 3091 1412 3149 lilius
1434 3109 1460 3148 8.
1479 3110 1511 3149 8.
1530 3110 1558 3149 8.

219 3196 278 3251 742
304 3199 405 3250 888448
427 3193 493 3248 Sex.
519 3194 688 3265 Pompeium
711 3201 853 3264 occupata
876 3194 972 3250 Sicilia
994 3194 1102 3249 ltaliam
1125 3208 1245 3266 quoque
1267 3201 1419 3251 4844884848
1441 3196 1561 3266 Regium

218 3298 368 3367 praemisit
395 3287 457 3370 (Dio
481 3299 532 3370 48,
557 3301 610 3368 48;
644 3295 719 3367 App.
745 3295 776 3353 b.
803 3311 829 3352 o.
858 3299 886 3365 l,
907 3290 971 3373 884.
1019 3297 1047 3351 48
1069 3296 1166 3352 ltaliae
1192 3295 1277 3355 litora
1306 3297 1429 3353 feliciter
1451 3302 1559 3354 tutatus

223 3390 285 3472 [Dio
307 3398 328 3453 l.
348 3412 395 3455 o.:
426 3389 478 3454 καὶ
501 3381 533 3462 ὃς
556 3391 590 3454 ἐκ
614 3388 667 3475 μὲν
689 3393 742 3475 τῆς
763 3386 890 3463 Ἰταλίας
912 3387 961 3456 τὸν
983 3390 1108 3461 Σέξστον
1132 3385 1300 3474 ἀπεώσατο)
1327 3404 1360 3454 84
1383 3401 1413 3455 48
1435 3399 1561 3458 Siciliam

218 3505 353 3557 448488484
383 3501 476 3556 vietus
505 3501 602 3556 navali
631 3501 743 3570 proelio
770 3500 807 3556 ad
830 3500 994 3573 Scyllaeum
1021 3501 1253 3572 promunturium
1282 3502 1388 3558 frustra
1410 3506 1561 3574 temptavit

223 3593 306 3677 (App.
333 3603 353 3658 l.
374 3618 418 3672 c.;
451 3604 504 3659 Dio
527 3603 547 3658 l.
567 3618 614 3672 c.;
640 3604 736 3659 Livius
762 3597 847 3678 4234.
894 3605 954 3659 4848
983 3608 1136 3673 postquam
1165 3603 1312 3672 glandium
1342 3601 1447 3660 harum
1470 3606 1560 3676 origi-

217 3721 285 3761 nem
313 3708 528 3776 comperimus,
565 3711 668 3776 spoote
685 3706 686 3710 ’
703 3705 876 3775 intellegitur
913 3721 962 3761 eas
995 3705 1143 3776 pertinere
1172 3705 1208 3760 ad
1239 3704 1439 3764 defensionem
1468 3708 1560 3764 litoris

218 3807 319 3879 Regini
341 3808 465 3864 feliciter
485 3823 502 3862 a
523 3807 597 3864 liufo
620 3807 846 3863 administratam
875 3813 904 3863 et
926 3809 1015 3864 fuisse
1037 3808 1112 3864 inter
1134 3823 1193 3875 888,
1225 3807 1333 3879 quibus
1356 3810 1520 3881 Pompeiani
1544 3828 1560 3867 8

219 3909 399 3981 Leucopetra
429 3908 617 3978 arcebantur,
650 3909 777 3980 denique
804 3915 925 3981 propter
951 3926 1016 3965 eam
1043 3911 1194 3966 4484844884
1225 3911 1329 3967 Rufum
1354 3913 1559 3983 imperatorem

219 4012 431 4068 consalutatum
463 4028 538 4068 8888.
593 4012 704 4069 Eodem
734 4017 865 4082 tempore
896 4028 1053 4083 percussus
1084 4019 1129 4068 est
1159 4012 1295 4070 denarius
1325 4030 1412 4084 supra
1443 4017 1557 4084 citatus,

219 4115 324 4170 sistam
347 4112 384 4169 ab
408 4115 497 4171 altera
519 4119 601 4183 parte
630 4119 717 4184 eaput
733 4114 868 4178 ,Caesaris
892 4115 940 4171 iiiii
971 4131 1037 4172 cum
1066 4114 1261 4187 adscriptione
1283 4130 1559 4173 ocaesanrrnvm·

221 4229 320 4286 n·r·c,
352 4215 389 4273 ab
413 4217 501 4273 altera
523 4217 631 4272 fulmen
659 4217 765 4272 alatum
788 4216 874 4287 plane
895 4222 928 4274 ut
951 4219 1081 4275 cernitur
1102 4219 1132 4274 in
1153 4218 1307 4287 glandibus
1331 4219 1461 4288 ReginiS,
1495 4234 1562 4274 cum

219 4317 416 4389 adscriptione
444 4331 874 4387 88444448844408888444.
923 4320 1124 4388 Consulatum,
1155 4335 1243 4390 quem
1272 4323 1301 4376 48
1328 4336 1436 4376 888884
1463 4321 1561 4377 nescio

220 4437 309 4491 quem
338 4420 467 4477 futurum
488 4421 593 4478 Caesar
619 4424 646 4476 ei
669 4421 836 4489 destinavit,
870 4422 960 4478 liuius
983 4439 1040 4479 non
1067 4423 1131 4478 iniit
1158 4423 1326 4478 interfectus
1347 4428 1467 4493 propter
1490 4437 1561 4492 pro-

220 4522 358 4580 ditionem
381 4541 406 4578 a.
426 4540 456 4579 u.
476 4540 503 4580 a.
530 4508 617 4580 744.’
638 4552 682 4562 -
703 4523 744 4580 Gi.
772 4541 848 4595 quae
877 4526 955 4581 idem
977 4526 1172 4582 ldommsenus
1202 4525 1238 4580 448
1265 4525 1369 4594 glande
1392 4533 1421 4581 et
1443 4525 1561 4582 denario

220 4626 376 4696 disputavit
399 4629 428 4682 in
451 4625 558 4682 Salletii
580 4627 743 4700 Zeitseltrist
764 4629 814 4701 (444
836 4627 1027 4684 Numismaiil
1048 4628 1088 4681 Xl
1116 4620 1221 4702 (48834
1243 4643 1273 4697 p.
1294 4632 1327 4684 74
1348 4643 1413 4699 sqq.
