3930 6224
434 623 506 694 100
939 630 1095 680 8888888
1114 631 1267 680 8888848.

430 825 558 878 videlicet
575 825 629 875 hoc
646 826 768 889 agentes,
789 826 821 874 ut
838 821 951 886 glandes
969 833 1032 872 suas
1050 821 1177 884 antiquas
1195 832 1254 871 esse
1273 821 1399 884 empturo
1417 819 1629 884 persuaderent3
1657 823 1685 870 et
1703 821 1780 884 glan-

430 911 478 964 des
498 913 572 978 ipsae
591 924 656 962 sane
678 913 741 961 sunt
759 911 895 974 antiquae.
908 934 943 942 -
955 907 1077 971 Denique
1095 921 1119 957 a.
1139 909 1204 956 4877
1224 906 1296 956 idem
1310 906 1489 956 Venturinius
1507 919 1566 956 sese
1585 907 1698 970 glandes
1715 912 1778 960 ante

427 1001 483 1049 tres
495 1001 659 1062 quattuorve
677 1009 763 1047 annos
781 994 927 1045 effossione
947 1007 961 1042 a
981 1005 1010 1043 se
1028 991 1100 1044 iacta
1119 994 1240 1056 repertas
1253 992 1370 1042 Parisios
1389 991 1545 1042 vendidisse
1566 993 1631 1042 mihi
1645 995 1774 1046 narravit.

500 1086 537 1134 lta
551 1097 614 1134 cum
626 1080 766 1133 erroribus
784 1079 920 1131 editorum
939 1081 997 1129 tum
1010 1079 1205 1143 negotiantium
1224 1077 1368 1128 fraudibus
1387 1078 1513 1128 immanis
1530 1078 1698 1143 perturbatio
1716 1081 1781 1131 uni-

430 1183 540 1222 versum
555 1169 765 1233 inscriptionum
778 1178 863 1231 genus
876 1165 1028 1230 occupavit.
1054 1164 1197 1228 inscriptio
1210 1163 1341 1227 genuina,
1360 1166 1391 1213 84
1408 1175 1499 1226 roras,
1519 1163 1610 1216 editur
1622 1165 1692 1215 male
1710 1166 1778 1217 lecta

431 1259 548 1316 diverse,
569 1255 651 1306 modo
670 1264 776 1326 80848,
799 1251 880 1302 modo
900 1261 1002 1318 colati,
1025 1249 1105 1301 modo
1124 1260 1228 1316 τοιοιις
1252 1248 1353 1300 48488844
1373 1249 1423 1300 bos
1442 1251 1578 1301 editorum
1597 1265 1703 1304 errores
1721 1255 1780 1305 sive

430 1343 537 1393 ficticiis
555 1342 613 1391 sive
630 1341 754 1404 genuinis
772 1338 915 1404 glandibus
933 1338 1065 1398 inierunt,
1086 1341 1116 1388 ut
1133 1339 1187 1388 iam
1200 1349 1296 1387 omnes
1314 1336 1374 1387 illae
1388 1336 1519 1388 lectiones
1531 1336 1613 1388 ielsae
1626 1340 1652 1389 in
1665 1339 1778 1405 plumbo

430 1441 539 1494 quoque
557 1429 739 1491 reperiantur;
761 1426 811 1476 bae
824 1424 907 1475 ialsae
920 1424 1033 1488 glandes
1048 1438 1097 1489 pro
1110 1423 1235 1488 genuinis
1248 1422 1384 1474 habentur
1395 1427 1423 1473 et
1434 1423 1561 1486 eduntur,
1575 1424 1624 1475 sed
1637 1438 1652 1476 a
1664 1425 1781 1490 quibus·

430 1516 493 1567 dam
506 1512 658 1564 editoribus
671 1512 762 1564 denno
774 1525 916 1578 perperam
929 1513 1065 1574 leguntur,
1081 1514 1111 1561 nt
1128 1518 1248 1563 088808
1266 1507 1466 1571 Desjardinius,
1491 1519 1632 1563 0878888
1650 1512 1781 1576 Bergkius

428 1600 579 1651 effecerunt
596 1613 629 1649 ex
658 1608 798 1661 ornnem
820 1599 1024 1662 inscriptionem
1038 1610 1071 1646 ex
1101 1606 1267 1649 t·a·catvl1
1290 1593 1380 1645 fictam
1393 1609 1409 1645 a
1421 1595 1528 1646 laisario
1541 1594 1612 1646 banc
1628 1607 1780 1652 (84848888

429 1685 501 1736 mele
512 1685 636 1748 legerunt
654 1694 804 1739 calvnlnvs
823 1681 1021 1747 Desjardinius‚
1043 1693 1159 1737 80484448
1175 1693 1232 1734 tvai
1251 1682 1396 1746 Bergkius;
1417 1683 1535 1747 denique
1548 1682 1684 1734 eiusmodi
1697 1682 1779 1736 ialsae

429 1770 559 1822 lalsarum
581 1770 714 1822 lectiones
736 1770 771 1821 ab
795 1770 892 1822 eodem
916 1768 1024 1821 falsario
1049 1770 1075 1819 in
1100 1767 1245 1832 glandibus
1268 1767 1359 1819 denuo
1384 1769 1556 1819 excuduntur
1581 1759 1719 1840 (088808
1753 1777 1781 1822 84

427 1846 602 1930 ciavaitvs).
641 1856 764 1910 Proiecto
777 1858 805 1906 in
818 1856 893 1907 nullo
906 1856 959 1906 elio
978 1856 1189 1920 inscriptionum
1207 1866 1306 1917 genere
1318 1858 1345 1903 et
1357 1853 1571 1905 describentium
1584 1856 1778 1922 edentiumque

427 1944 507 2010 culpa
526 1945 553 1993 et
571 1942 742 1995 falsariorum
760 1941 856 1993 lrande
874 1954 998 1992 errorum
1017 1952 1138 2005 propago
1155 1952 1288 2002 umquam
1306 1939 1388 1990 latius
1406 1941 1498 2004 patuit.

497 2031 572 2091 Quae
596 2042 660 2079 cum
680 2029 715 2081 ita
734 2030 803 2090 sint,
831 2028 943 2078 omnino
961 2026 1143 2077 diffidendum
1167 2026 1219 2076 erit
1243 2024 1371 2076 omnibus
1395 2025 1535 2089 glandium
1554 2028 1779 2093 inscriptionibus

428 2118 479 2167 nisi
498 2116 617 2183 prolatae
636 2119 717 2166 erunt
733 2115 768 2166 ab
787 2128 829 2176 eo,
849 2127 932 2179 quem
945 2112 1076 2163 didicisse
1094 2115 1201 2163 constet
1218 2111 1253 2162 de
1271 2111 1314 2162 his
1332 2110 1415 2162 rebus
1433 2115 1506 2163 recte
1524 2112 1657 2174 iudicare;
1678 2115 1779 2166 deinde

427 2204 481 2253 boc
499 2202 648 2253 tenendam
666 2202 735 2264 erit,
762 2213 844 2250 unam
868 2211 1006 2263 quamque
1024 2197 1148 2248 eiusdem
1167 2197 1279 2261 originis
1297 2198 1410 2260 seriem,
1436 2199 1463 2248 in
1488 2211 1541 2262 qua
1564 2211 1617 2249 una
1643 2199 1710 2252 ialsa
1728 2201 1779 2253 de·

427 2289 562 2354 prehensa
580 2288 631 2350 sit,
650 2288 807 2337 universam
828 2289 883 2335 tam
901 2285 950 2335 diu
968 2285 1122 2350 suspectam
1138 2295 1199 2334 esse
1217 2282 1381 2346 babendum,
1401 2284 1490 2334 donec
1508 2283 1542 2334 ab
1561 2285 1671 2336 homine
1691 2286 1778 2352 perito

428 2373 540 2438 glandes
558 2374 632 2439 ipsae
652 2372 820 2423 examinatae
839 2371 904 2433 sint;
925 2369 959 2420 ci.
979 2383 1050 2434 quae
1068 2369 1124 2419 dixi
1143 2369 1170 2419 in
1188 2381 1288 2422 comm.
1309 2369 1374 2420 min.
1395 2369 1472 2424 acad.
1496 2373 1561 2420 4878
1579 2384 1606 2435 p.
1623 2375 1665 2422 78.

496 2460 537 2509 Ad
561 2459 754 2524 inscriptiones
779 2457 1003 2507 Vincenzlnianas
1031 2455 1247 2518 investigandas,
1277 2454 1468 2520 explicandas,
1497 2456 1695 2508 describendas
1722 2472 1777 2508 non

427 2559 562 2598 minorem
581 2557 675 2595 curam
687 2542 790 2594 contuli
808 2556 891 2607 quam
915 2543 939 2592 84
958 2542 1084 2606 antiquae
1103 2545 1204 2602 essent,
1225 2554 1289 2591 nam
1308 2541 1360 2591 hoe
1378 2545 1418 2592 est
1432 2555 1498 2593 vere
1519 2556 1631 2609 operam
1651 2543 1776 2608 perdere,

427 2647 511 2698 prava
530 2632 597 2683 haec
616 2631 771 2682 commenta
790 2628 961 2693 neclegenter
978 2627 1161 2678 examinando
1181 2627 1208 2676 in
1221 2628 1299 2692 peius
1312 2628 1474 2693 depravare,
1497 2642 1580 2692 aquo
1594 2642 1657 2679 oum
1672 2631 1778 2694 priores

427 2733 493 2770 sane
517 2731 572 2769 non
597 2718 662 2769 satis
686 2717 834 2775 cavissent,
861 2728 893 2765 ea
917 2727 1000 2779 quam
1024 2726 1106 2778 supra
1130 2711 1282 2776 significavi
1307 2712 1467 2764 contusione
1491 2714 1544 2766 hoc
1569 2715 1779 2781 inscriptionum

426 2818 511 2870 genus
529 2802 770 2869 perturbaverant,
792 2812 847 2850 non
865 2801 923 2850 sine
943 2813 1052 2851 summo
1071 2813 1158 2863 eoque
1177 2798 1302 2863 improbo
1321 2798 1414 2851 labore
1432 2799 1513 2851 nobis
1526 2801 1580 2852 iarn
1598 2800 1778 2867 expedienda.

424 2893 459 2942 At
477 2905 543 2942 vero
561 2890 700 2954 religionis
718 2893 797 2949 esset,
817 2887 843 2936 in
864 2885 1044 2950 inprimendis
1061 2883 1131 2947 his¹l
1152 2884 1263 2950 quidem
1278 2883 1419 2936 iraudibus
1438 2887 1475 2937 ila
1492 2889 1612 2949 versari,
1632 2891 1663 2939 ut
1681 2887 1781 2939 litteris

427 2977 587 3028 maiusculis
613 2976 715 3038 integra
740 2972 836 3022 mutila
865 2984 928 3022 cum
952 2969 1081 3022 omnibus
1110 2971 1262 3036 scripturae
1287 2971 1407 3021 minutiis
1431 2975 1559 3024 accurate
1589 2977 1779 3038 repraesenta-

428 3066 531 3123 rentur,
551 3074 583 3113 ac
601 3059 723 3126 putidam
744 3057 862 3123 proiecto
881 3055 986 3107 diceres
1004 3055 1174 3120 diligentiam
1193 3058 1218 3107 in
1238 3057 1280 3107 bis
1299 3057 1381 3108 talem
1398 3056 1568 3120 collocatam,
1589 3060 1689 3125 quippe
1708 3073 1779 3124 quae

425 3149 461 3200 ab
479 3149 577 3199 harum
596 3145 805 3211 inscriptionum
818 3143 905 3207 pretio
918 3141 1079 3194 abhorreret
1092 3156 1144 3194 nec
1161 3144 1199 3194 rei
1218 3143 1270 3208 ipsi
1290 3144 1331 3194 884
1349 3144 1445 3194 4884884
1458 3143 1634 3197 conduceret.
1674 3145 1780 3211 Nempe

426 3236 478 3287 hac
496 3234 616 3284 editione
635 3231 663 3283 id
682 3231 786 3296 agitur,
812 3231 842 3279 ut
859 3242 907 3279 eae
926 3229 1126 3293 inscriptiones,
1152 3242 1221 3293 quae
1239 3229 1274 3279 ad
1298 3230 1351 3280 boc
1368 3243 1454 3294 genus
1477 3228 1607 3281 falsarum
1627 3232 1774 3296 pertinent,

426 3321 588 3383 colligantur
611 3321 638 3370 et
661 3319 784 3384 priorum
807 3314 949 3366 erroribus
971 3315 1084 3365 remotis
1107 3317 1180 3365 recte
1206 3314 1292 3366 lectae
1311 3315 1500 3376 exhibeantur,
1522 3317 1689 3381 omninoque
1708 3317 1777 3368 baec

425 3408 539 3458 materia
557 3406 594 3456 ita
611 3407 793 3470 proponatur,
820 3405 851 3452 ut
869 3415 900 3452 ea
917 3401 960 3451 usi
979 3399 1089 3451 fraudes
1113 3413 1279 3464 cognoscere
1302 3400 1338 3451 ab
1364 3402 1451 3466 iisque
1469 3415 1565 3452 cavere
1583 3405 1699 3469 possint.
1741 3403 1778 3454 lis

426 3494 517 3544 autern
536 3491 601 3552 bac,
622 3503 676 3556 qua
688 3501 755 3540 usus
773 3499 834 3537 sum
848 3488 952 3537 ratione
971 3486 1043 3550 (vide
1061 3501 1131 3552 quae
1149 3501 1177 3552 p.
1194 3491 1241 3536 487
1261 3489 1325 3539 8848
1349 3499 1375 3538 n.
1389 3483 1438 3536 et*
1456 3489 1569 3550 notavi),
1596 3489 1676 3552 plene
1695 3491 1779 3539 satis-

426 3577 526 3630 iactum
550 3589 609 3628 esse
628 3574 745 3626 confido.
789 3572 828 3623 448
853 3573 998 3624 commodo
1023 3586 1133 3638 quoque
1158 3572 1269 3624 lectoris
1292 3571 1431 3624 consuluit
1449 3573 1538 3624 indice
1557 3574 1696 3635 subiecto,
1723 3588 1778 3639 quo

425 3665 516 3716 omnia
535 3663 659 3714 eiusdem
678 3659 865 3723 inscriptionis
882 3658 1047 3724 exemplaria
1066 3659 1216 3724 composita
1236 3661 1308 3709 sunt.
1328 3685 1364 3695 —
1382 3659 1507 3710 Priorum
1525 3659 1675 3720 editorum,
1695 3673 1778 3726 prae-

425 3751 505 3815 cipue
524 3747 701 3811 Desjardinii,
727 3747 755 3796 in
781 3743 904 3808 legendis
928 3745 1153 3809 inscriptionibus
1175 3757 1283 3794 errores
1301 3742 1357 3795 iere
1376 3758 1430 3795 non
1443 3743 1536 3807 attuli,
1556 3747 1619 3810 quia
1633 3745 1778 3812 hocplane

424 3849 488 3887 are
507 3835 564 3899 ipsa
583 3835 610 3885 et
627 3833 766 3899 proposito
785 3833 879 3881 nostro
904 3830 1025 3881 alienum
1050 3833 1100 3882 est.
1143 3831 1170 3880 Si
1188 3842 1271 3894 quem
1296 3834 1386 3881 tamen
1405 3830 1518 3891 iuvabit,
1544 3833 1638 3883 nostro
1663 3831 1778 3882 elencho

426 3935 489 3973 cum
511 3919 631 3971 editione
656 3919 730 3969 illius
755 3918 910 3982 comparato
931 3914 1012 3968 facile
1034 3916 1192 3981 intellegere
1209 3917 1324 3981 poterit,
1354 3930 1424 3981 quae
1441 3919 1501 3968 eius
1519 3917 1713 3983 inscriptiones
1730 3919 1778 3968 884

425 4008 504 4059 844488
530 4005 658 4070 legendae
689 4005 744 4055 sint
767 4005 814 4053 aut
832 4003 944 4053 omnino
970 4003 1059 4054 nullae
1084 4003 1138 4054 sint
1157 4001 1244 4065 (nam,
1265 4017 1319 4066 quo
1343 4004 1377 4054 de
1402 4003 1456 4053 iam
1476 4004 1582 4064 monui,
1613 4003 1714 4054 multas
1731 4002 1778 4053 ille

425 4093 525 4153 edidit,
554 4091 602 4143 ubi
626 4103 659 4140 ne
685 4090 806 4140 incertae
831 4086 942 4153 quidem
973 4089 1097 4141 lectionis
1123 4089 1237 4152 vestigia
1263 4091 1390 4152 exstant);
1422 4091 1561 4155 praeterea
1585 4089 1728 4154 inspiciat,
1754 4089 1778 4140 si

425 4180 500 4242 velit,
521 4178 659 4243 specimen
677 4189 802 4226 errorum
821 4173 999 4238 Dch‘ardinii,
1019 4175 1092 4240 quod
1112 4173 1225 4225 exhibui
1243 4175 1271 4225 in
1291 4188 1389 4228 comm.
1408 4176 1507 4226 minor.
1521 4174 1597 4226 acad.
1613 4173 1698 4226 Berol.
1712 4175 1777 4223 4878

423 4280 450 4333 p.
464 4266 608 4316 tit-tlt.
626 4289 662 4299 -
679 4261 876 4321 Frustulorum,
901 4274 971 4326 quae
990 4261 1061 4312 male
1085 4273 1186 4312 excusa
1209 4263 1237 4310 et
1255 4261 1375 4313 incertae
1399 4262 1525 4313 lectionis
1542 4263 1615 4319 suut,
1641 4259 1777 4325 permulta

426 4365 470 4402 me
491 4351 616 4402 omisisse
637 4351 850 4400 consentaneum
870 4350 919 4398 est.
939 4345 1102 4398 —Tabulis
1120 4347 1251 4411 imagines
1269 4345 1450 4413 heliotypicas
1471 4348 1506 4399 ad
1527 4343 1649 4412 8848884]
1675 4344 1779 4397 84448488

425 4436 626 4503 repraesentavi
644 4437 720 4485 48848
739 4447 863 4495 numero,
889 4436 1007 4498 quantus
1025 4431 1151 4483 sulficere
1168 4432 1309 4484 videretur
1326 4431 1360 4484 ad
1380 4435 1537 4485 incusarum
1556 4433 1675 4498 speciem
1694 4445 1710 4483 a
1728 4445 1776 4494 ge-

426 4524 518 4574 nuinis
533 4523 679 4573 distantem
693 4520 864 4585 aliquatenus
882 4519 1114 4583 cognoscendam
1135 4517 1183 4569 sed
1202 4530 1252 4583 per
1270 4531 1299 4570 se
1316 4522 1403 4584 patet,
1431 4521 1536 4570 certum
1554 4518 1588 4570 de
1606 4518 1649 4570 his
1673 4516 1778 4569 fraudi-

424 4609 477 4660 bus
495 4608 628 4658 iudicium
647 4606 753 4670 acquiri
771 4618 826 4656 non
849 4617 930 4670 posse
949 4603 1114 4668 imaginibus
1132 4603 1180 4656 sed
1200 4603 1346 4668 glandibus
1365 4606 1459 4656 multis
1478 4609 1532 4656 tam
1550 4603 1676 4669 genuinis
1694 4615 1776 4668 quam

425 4695 532 4745 ficticiis
550 4693 712 4744 examinatis
729 4694 756 4742 et
774 4691 845 4742 inter
863 4703 893 4742 se
911 4691 1084 4755 comparatis.

495 4867 520 4928 4)
540 4867 570 4916 48
589 4863 734 4929 n.l*sqq.
759 4875 804 4913 res
827 4862 917 4928 paullo
941 4862 1021 4912 aliter
1049 4865 1205 4926 comparata
1229 4864 1280 4913 est.
1317 4863 1386 4914 Nam
1411 4861 1466 4913 iere
1491 4875 1586 4913 omnes
1610 4861 1660 4912 diu
1683 4863 1773 4920 notae,

425 4953 588 5018 saepiusque
614 4950 648 5002 ab
672 4948 830 5000 hominibus
847 4949 935 5000 doctis
953 4948 1042 5000 editae
1067 4947 1238 5000 adbibitaeve
1260 4952 1337 5010 8884,
1364 4948 1463 5001 deinde
1483 4961 1546 4999 cum
1565 4961 1580 4996 a
1598 4946 1775 4998 Vincenzinio

425 5038 452 5088 in
471 5039 528 5088 suis
541 5037 684 5102 glandibus
701 5037 834 5101 repetitae
846 5036 909 5098 siat,
931 5047 984 5085 non
1003 5035 1159 5099 parvisunt
1177 5037 1310 5084 momenti
1324 5034 1359 5085 ad
1378 5036 1437 5086 eius
1456 5033 1564 5086 fraudes
1577 5031 1776 5097 coarguendas.

426 5123 486 5174 Huc
503 5123 625 5184 accedit,
652 5121 726 5188 quod
751 5135 856 5187 paucae
883 5122 946 5172 sunt
968 5133 1035 5185 prae
1053 5118 1161 5171 illarum
1186 5121 1265 5185 copia
1284 5122 1397 5185 ingenti.
1440 5121 1530 5181 Quare
1553 5120 1581 5170 in
1604 5119 1648 5170 his
1666 5117 1777 5183 quidem

425 5208 509 5260 alium
529 5209 630 5259 edendi
648 5208 760 5259 modum
781 5206 989 5272 praeferendum
1008 5219 1069 5257 esse
1086 5205 1160 5257 duxi.

499 5299 522 5356 84
545 5295 689 5345 Foramina
708 5293 841 5344 nonnulla
859 5295 972 5354 minuta,
993 5306 1065 5357 quae
1083 5305 1125 5342 88.
1140 5306 1180 5356 gr.
1201 5292 1255 5343 484).
1271 5293 1343 5353 Xlll,
1361 5296 1390 5343 tt
1411 5293 1438 5342 ia
1458 5291 1556 5342 litteris
1574 5302 1620 5344 sni
1638 5291 1780 5356 apparent,

426 5385 489 5432 nata
509 5385 574 5432 sunt
591 5381 619 5430 48
637 5381 742 5444 ectypis
761 5377 925 5443 formandis,
945 5378 980 5429 ab
999 5379 1156 5444 archetypis
1174 5377 1282 5430 absunt.
