3922 6240
449 571 498 642 34
931 584 1089 633 aurnuns
1107 584 1311 634 nsovmnnn

446 771 489 836 24
516 785 550 837 te
575 779 750 835 Gualtherus
772 778 851 835 sion.
870 776 930 834 tab.
954 769 1090 854 resisus
1121 793 1227 834 comm.
1247 794 1275 847 p.
1298 782 1335 834 33
1362 799 1403 824 =
1424 778 1510 833 Thes.
1530 777 1607 834 sien.
1623 779 1658 834 v1
1681 795 1710 849 p.
1733 783 1787 835 aet

517 879 593 955 (inde
617 883 774 938 Mommsen
805 882 891 953 Corp.
918 880 1006 936 vohi
1029 896 1058 934 n.
1087 873 1157 953 662)
1192 882 1249 936 sio:
1276 894 1321 933 -3,
1341 893 1400 934 xv.

574 984 702 1040 Glandes
736 989 870 1053 29-23,
911 999 987 1054 quae
1014 989 1194 1052 sequuntur,
1235 983 1382 1039 mutilatae
1411 991 1477 1039 sunt
1514 1001 1567 1041 nec
1598 987 1666 1040 satis
1696 994 1795 1042 certae

623 1088 765 1144 lectionis.

449 1196 485 1248 29
509 1192 655 1260 Descripsi
678 1192 739 1246 iere
761 1193 820 1247 sic:
849 1203 940 1245 mxv.

447 1299 485 1352 20
510 1295 675 1364 Descripsi:
702 1309 735 1348 i·
749 1284 801 1371 ,fist
827 1285 933 1368 (media
956 1293 1096 1348 toramine
1119 1283 1293 1365 perierunt).

447 1401 480 1455 22
509 1398 670 1466 Descripsi:
704 1409 770 1451 233.
823 1387 948 1451 Litterae
980 1401 1100 1462 excepta
1130 1367 1482 1450 Linlidendodistortae
1514 1402 1598 1463 suut,
1631 1397 1682 1452 sed
1713 1403 1793 1453 recte

510 1500 630 1555 fortasse
655 1498 829 1554 Gabriellius
852 1511 941 1554 mxv
964 1497 1052 1554 fuisse
1075 1497 1209 1553 coniecit.

448 1606 484 1658 22
510 1602 673 1672 Descripsi:
701 1615 716 1655 1.
737 1615 799 1657 xv.
848 1602 969 1657 Litterae
992 1599 1139 1655 inlidendo
1162 1599 1298 1656 distortae
1322 1605 1399 1654 sunt.

448 1709 485 1761 23
511 1704 674 1774 Descripsi:
711 1695 818 1780 mxtll.
872 1703 992 1758 Videtur
1023 1704 1118 1769 potius
1149 1715 1239 1756 mxv
1268 1717 1333 1757 3333
1362 1718 1450 1772 quam
1486 1717 1574 1758 mxi.
1611 1731 1648 1742 -
1681 1704 1793 1759 Fiorelli

513 1807 605 1862 Cetei.
632 1823 662 1877 p.
685 1811 717 1860 22
746 1823 776 1861 3.
799 1811 856 1862 283
887 1798 1011 1880 (L·xv].

534 1963 590 2016 2233
616 1965 751 2017 22-28.
778 1965 815 2019 23
849 1961 907 2016 2333
930 1959 1042 2028 3322322,
1076 1961 1144 2028 quia
1167 1973 1268 2016 omnes
1291 1961 1333 2014 sio
1363 1960 1534 2029 inscriptae,
1568 1975 1691 2029 quarum
1714 1963 1794 2032 origo

446 2070 524 2121 certa
549 2070 601 2131 332,
628 2061 789 2120 Asculacae
806 2071 883 2119 sunt.
902 2063 1112 2117 -Praeterea
1129 2061 1303 2117 Garruocius
1326 2061 1395 2133 Syll.
1416 2078 1445 2117 3.
1467 2066 1526 2118 362
1543 2061 1616 2119 haec
1633 2071 1789 2119 memorat:

449 2151 534 2222 ‘Duas
558 2166 699 2223 eiusmodi
721 2166 814 2223 attulit
836 2166 872 2221 ad
895 2181 942 2221 me
958 2165 1104 2233 Fortnum,
1131 2164 1218 2220 homo
1234 2162 1352 2232 hugius,
1379 2164 1514 2220 Perusiae
1530 2171 1651 2235 emptas.
1683 2164 1794 2221 ibidem

446 2272 531 2324 etiam
560 2273 662 2324 nactus
692 2268 761 2324 alias
792 2268 864 2324 duas
894 2267 950 2323 hac
980 2266 1154 2338 epigraphe,
1189 2265 1242 2321 sed
1271 2266 1400 2337 pondere
1425 2267 1576 2322 unciarum
1610 2271 1697 2323 trium
1727 2285 1794 2325 eum

447 2373 556 2441 primae
580 2371 654 2427 duae
677 2371 823 2442 pendeant
850 2372 949 2427 uncias
980 2357 1073 2426 duas'.
1110 2370 1207 2424 -In
1229 2384 1329 2424 museo
1350 2369 1513 2437 Ravestein,
1547 2385 1624 2426 nunc
1655 2372 1794 2426 Bruxehis

446 2480 604 2543 asservato,
631 2475 712 2545 glans
735 2491 800 2530 esse
822 2473 930 2530 dieitur
952 2475 1069 2542 originis
1091 2473 1233 2528 incertae:
1265 2486 1285 2529 ι.
1304 2486 1335 2527 x.
1361 2466 1378 2548 j(
1399 2473 1514 2544 pladite
1540 2466 1643 2547 (Muse'e
1665 2474 1700 2528 de
1720 2475 1791 2530 2233.

446 2579 457 2633 2
484 2581 559 2635 2822
586 2594 616 2648 p.
638 2570 724 2652 222).
774 2578 813 2633 Ε3
837 2578 958 2634 sortasse
980 2575 1039 2632 huc
1061 2577 1196 2646 pertinet,
1230 2574 1283 2630 sed
1305 2591 1375 2630 num
1398 2575 1521 2645 genuina
1549 2577 1595 2642 sit,
1629 2575 1725 2632 adhue
1748 2578 1795 2631 in-

448 2682 623 2754 quirendum
646 2688 700 2737 332.

454 2833 556 2841 ——
794 2824 1794 2836 m*-

447 2913 490 2981 25
510 2918 664 2996 [=Corp.
683 2920 723 2975 IX
746 2935 775 2974 n.
798 2912 980 2989 6⁰86,xxv]
1027 2921 1036 2972 t
1078 2910 1119 2990 [in
1150 2931 1252 2971 museo
1283 2914 1472 2986 Neapolitano
1506 2931 1535 2970 3.
1567 2918 1605 2972 32
1633 2937 1675 2963 =
1705 2911 1789 2992 i88].

534 3023 643 3078 Pendet
668 3026 701 3078 62
730 3036 774 3093 gr.
822 3018 991 3090 Robiginem
1014 3018 1117 3074 flavam
1139 3017 1238 3074 habet.

492 3133 507 3185 2
536 3119 577 3200 [in
598 3140 700 3182 museo
723 3123 911 3195 Neapolitano
927 3139 956 3178 n.
978 3127 1015 3178 36
1033 3142 1075 3168 --
1094 3114 1181 3195 232].
1217 3122 1388 3177 Litterarum
1404 3126 1433 3176 et
1447 3120 1557 3191 figurae
1573 3122 1659 3193 plane
1676 3122 1794 3180 easdem

532 3244 685 3286 mensuras
706 3234 794 3298 atque
817 3229 847 3281 in
872 3231 882 3280 2
912 3239 976 3281 3333
999 3225 1106 3281 notavi.

954 3392 1009 3434 iso
1024 3405 1031 3418 ·
1045 3391 1087 3432 xv
1138 3371 1153 3454 i(
1192 3386 1260 3436 rucio

451 3562 483 3612 t:
510 3554 580 3611 Tab.
595 3555 659 3609 2222
687 3557 800 3624 partem
815 3551 939 3607 anticam
958 3548 1088 3605 exhibui.
1128 3540 1287 3618 Descripsi.
1313 3577 1356 3588 -
1378 3547 1491 3603 Fiorelli
1508 3547 1567 3603 Cat.
1583 3563 1613 3618 p.
1632 3551 1663 3602 22
1686 3563 1715 3601 n.
1735 3551 1792 3604 288

491 3657 565 3713 hanc
589 3660 617 3711 et
640 3661 811 3727 sequentem
835 3653 902 3710 coil.
928 3652 1045 3723 Corp.1
1068 3655 1177 3708 3663
1202 3665 1260 3708 333
1283 3656 1364 3707 reete
1386 3650 1469 3721 legit:
1497 3641 1660 3724 temam(
1674 3649 1796 3722 fulmine

491 3769 520 3817 et
542 3760 696 3816 admiscuit
717 3774 747 3813 n.
769 3762 806 3815 36
836 3748 934 3831 (283),
961 3771 1036 3825 quae
1058 3755 1129 3810 23233
1152 3761 1195 3810 332
1219 3746 1257 3828 (n.
1279 3746 1338 3811 68*
1353 3751 1413 3826 aa];
1441 3752 1582 3809 Garrucci
1597 3750 1666 3823 Syll.
1685 3766 1716 3806 n.
1733 3754 1792 3808 962

491 3861 596 3920 omissa
618 3864 648 3917 in
670 3861 725 3917 hac
748 3866 777 3916 32
799 3863 940 3930 sequente
962 3858 1072 3929 figurae
1094 3859 1250 3914 mentione.
1276 3885 1317 3895 -
1341 3869 1363 3910 v
1386 3871 1445 3911 nou
1467 3855 1553 3925 plane
1572 3861 1650 3911 certa
1673 3857 1727 3910 est.
1748 3879 1792 3932 ’-

491 3967 533 4023 De
555 3964 645 4035 figura
676 3963 759 4035 -2-
786 3962 824 4018 32.
844 3961 881 4017 ad
905 3977 933 4016 3.
955 3967 1005 4018 38.
1293 4045 1296 4052 ⁴

449 4074 465 4128 2
489 4068 648 4139 Descripsi.
665 4093 708 4106 —
724 4065 838 4121 Fiorelli
854 4065 874 4120 Ι.
890 4065 909 4120 2.
929 4078 959 4118 3.
978 4065 1052 4131 236;
1080 4062 1219 4119 Ganuooi
1234 4061 1253 4117 2.
1268 4062 1289 4117 2.
1329 4077 1344 4116 i
1368 4060 1515 4117 inhdendo
1530 4060 1661 4132 paullum
1676 4059 1796 4118 distorta

492 4174 612 4240 est:1.

538 4307 643 4363 Uuioae
658 4305 778 4377 glandes
793 4310 871 4371 suut,
897 4306 926 4359 in
942 4302 1049 4375 quibus
1068 4318 1102 4358 33
1124 4302 1273 4373 inscriptio
1288 4316 1356 4357 oum
1378 4301 1513 4372 pugionis
1535 4301 1626 4372 figura
1642 4302 1797 4357 coniuncta

448 4418 508 4480 est,
543 4409 595 4465 sed
617 4414 741 4479 utraque
764 4423 824 4464 non
845 4411 961 4475 incusa,
995 4408 1083 4463 immo
1106 4407 1218 4461 sincera
1241 4419 1306 4460 osse
1328 4403 1399 4460 mihi
1421 4403 1546 4458 videtur.

448 4641 724 4723 26t=corp1x
746 4665 776 4704 3.
798 4651 891 4714 6386,
911 4639 992 4722 xxti]
1032 4650 1041 4701 2
1071 4662 1134 4716 rep.
1160 4647 1190 4701 iu
1213 4643 1372 4701 castellano
1399 4637 1439 4717 [iu
1455 4658 1530 4699 mus.
1546 4641 1646 4699 hscul.
1665 4659 1691 4697 3.
1715 4645 1794 4700 teti

534 4745 694 4826 322832
743 4749 852 4806 Pendet
877 4753 914 4807 58
939 4766 982 4820 gr.

494 4862 509 4915 2
528 4859 590 4912 323
615 4857 645 4910 23
666 4855 773 4911 Piceno
798 4856 931 4924 repertae
954 4864 1037 4907 nair.
1062 4868 1095 4922 p.
1121 4857 1151 4908 9.

1050 5035 1106 5077 teo
1124 5047 1132 5063 ⁰
1150 5036 1191 5077 xv

454 5207 485 5258 i:
510 5199 580 5258 Tab.
599 5201 636 5256 222
652 5197 846 5270 i.Descr'ipsi:
880 5209 1020 5262 iso-xm
1048 5195 1134 5251 lectio
1157 5199 1279 5261 excepto
1301 5197 1410 5264 puncto
1426 5198 1506 5248 certa
1526 5198 1580 5260 est,
1607 5190 1674 5246 licet
1695 5188 1796 5244 hastae

495 5302 644 5358 iulidendo
666 5301 782 5358 latiores
805 5301 861 5356 sint
884 5300 977 5357 iactae
1000 5304 1029 5354 32
1052 5303 1203 5366 praeterea
1226 5296 1359 5352 detritae.
