3930 6224
571 630 737 680 aunuum
756 631 799 679 ur
818 629 1046 694 coserauuus.
1409 617 1479 691 143

173 801 245 867 quod
262 802 393 865 Bergkius
411 800 486 865 legit,
513 802 562 852 sed
579 804 685 853 cerium
708 805 750 852 est
768 806 875 867 opterpo
892 803 1024 868 scriptum
1043 815 1102 854 esse
1126 804 1197 854 sicut
1215 806 1242 853 iu
1261 805 1482 858 feuardentianis

175 887 225 948 (44.
245 900 284 951 gr.
303 883 355 937 ol*
369 889 419 940 soa
432 907 465 931 =
477 887 532 938 tab.
547 887 609 938 Xlll
620 888 645 949 8)
666 888 763 939 eadem
781 886 867 938 lorma
885 890 965 953 atque
984 888 1028 938 illa
1044 892 1087 937 444
1112 889 1222 940 incusis.
1259 890 1391 955 Berglrius
1409 891 1479 942 hanc

171 985 248 1024 suam
266 973 293 1022 in
311 971 367 1024 tab.
387 973 423 1022 lll
442 977 453 1021 4
476 972 639 1038 heliolyplce
657 975 877 1040 repraesentavit,
903 974 952 1025 sed
970 975 1006 1024 ita
1024 975 1054 1024 ut
1071 986 1104 1024 ea
1122 975 1182 1040 ipss
1200 974 1305 1039 glandis
1324 989 1399 1041 pars,
1427 991 1478 1041 qua

172 1071 214 1108 res
232 1058 380 1118 deciditur,
407 1071 462 1109 non
485 1061 621 1111 cernatur.
664 1060 693 1109 la
712 1060 819 1122 Bergkii
842 1061 932 1110 aulem
951 1060 1075 1125 exemplo
1094 1059 1289 1125 lithographico
1307 1061 1352 1126 fig.
1367 1065 1399 1112 84
1417 1075 1481 1114 cum

172 1142 238 1194 lelss
255 1145 341 1210 ipsius
359 1145 439 1196 lectio
457 1149 565 1206 opime
582 1143 752 1206 exhibeatur,
772 1144 799 1194 h.
820 1145 837 1195 4.
858 1145 1046 1210 lithographus
1063 1145 1175 1196 editoris
1192 1148 1383 1198 auctoritatem
1399 1149 1479 1200 vide-

171 1235 215 1281 tur
231 1233 340 1282 secutus
358 1243 418 1282 esse
443 1229 486 1294 (ci.
508 1243 578 1294 quaa
597 1230 691 1280 monui
714 1231 742 1279 in
760 1242 859 1280 comm.
880 1232 945 1284 mio.
966 1230 1043 1282 acad.
1065 1235 1131 1280 4875
1149 1244 1177 1297 p.
1193 1235 1241 1282 474
1261 1236 1317 1283 not.
1331 1235 1366 1294 4).
1404 1234 1479 1286 ldem

171 1315 277 1368 ridetur
295 1315 395 1367 iactum
414 1327 475 1366 esse
493 1317 521 1366 in
533 1315 586 1366 alle
599 1317 777 1381 inscriptione
789 1315 873 1366 dubis
891 1311 942 1366 74*
955 1320 1015 1376 448,
1035 1318 1062 1365 ia
1074 1330 1127 1381 que
1141 1329 1204 1368 cum
1216 1320 1338 1383 olporoes
1348 1319 1478 1382 Bergkius

171 1415 224 1453 non
240 1405 312 1453 recte
335 1401 444 1466 legisset
454 1415 504 1466 pro
521 1415 555 1452 eo
573 1400 645 1466 quod
664 1400 737 1452 clare
755 1401 878 1451 cernitur
892 1404 1007 1453 44444444
1023 1399 1066 1462 (44.
1080 1415 1162 1467 supra
1181 1416 1207 1467 p.
1224 1407 1256 1452 88
1268 1408 1323 1454 not.
1340 1405 1376 1468 4),
1396 1406 1480 1457 litho-

172 1489 289 1554 grephus
308 1487 352 1552 fig.
374 1492 405 1538 84
425 1489 445 1538 P
463 1491 565 1538 certem
584 1484 715 1538 exhibuit.

139 1587 198 1640 pag.
214 1578 262 1624 485
281 1573 317 1625 ad
335 1587 362 1623 n.
378 1571 436 1637 stit]
458 1574 550 1623 Mense
568 1572 651 1638 Aprili
671 1575 738 1622 4885
762 1585 808 1624 444
825 1572 937 1637 glandes
955 1573 983 1622 in
1002 1585 1096 1624 museo
1115 1573 1295 1638 Neapolitano
1316 1578 1478 1628 examinavi.

171 1662 293 1712 Ficticiee
310 1661 328 1711 i.
349 1673 373 1711 e.
395 1671 477 1709 cusae
499 1662 562 1710 sunt
585 1658 659 1710 solae
678 1671 704 1711 n.
720 1662 821 1708 448558
837 1661 873 1724 fir
890 1662 916 1708 et
934 1671 961 1711 a.
978 1663 1078 1709 448548
1097 1660 1124 1709 in
1143 1662 1232 1710 antico
1251 1660 1334 1712 latere
1348 1664 1478 1728 inscripta

171 1751 200 1798 ut
212 1761 239 1798 u.
255 1743 305 1795 ot*
316 1759 345 1788 ze
357 1747 385 1794 44
402 1746 429 1794 lu
439 1746 545 1809 poetico
557 1747 589 1795 ut
600 1758 628 1796 n.
643 1748 675 1794 48
684 1741 728 1796 444.
743 1771 775 1782 -
789 1744 929 1795 Genuinae
942 1745 1132 1810 inscriptiones
1145 1746 1238 1796 insunt
1250 1746 1315 1797 hae:
1389 1769 1392 1774 ·

141 1848 166 1884 n.
187 1827 237 1884 185
256 1842 325 1885 urar
347 1830 476 1892 (444444).

139 1933 165 1970 a.
187 1914 312 1981 item
331 1916 543 1980 irrutilasse),
564 1926 614 1968 rra
636 1915 713 1977 (444).

138 2021 164 2058 n.
186 1999 235 2054 127
255 2003 378 2066 (448585)
399 2001 501 2052 aculeis
519 2004 594 2052 caret
617 2005 643 2051 et
661 2001 715 2051 duo
739 2001 824 2052 latera
842 2000 922 2065 plena
946 2001 1027 2052 habel
1049 2003 1136 2066 (4488
1156 2005 1183 2052 44
1202 2005 1278 2063 4,447
1298 2002 1397 2066 longa).
1435 2003 1481 2053 Est

171 2090 310 2157 exemplar
327 2090 440 2140 unicum
458 2088 507 2139 sed
525 2087 686 2152 genuinum:
709 2096 768 2140 rrv·
794 2085 963 2137 exstantibus
984 2078 997 2160 1
1021 2099 1074 2140 ari
1101 2089 1237 2138 excavatis
1255 2087 1361 2138 litteris.

137 2193 163 2229 n.
182 2173 233 2229 ias
251 2179 373 2240 (448588)
394 2174 555 2240 scariphatis
573 2174 684 2224 litteris:

569 2296 745 2398 ΙῙᾎΗΕΙᾸῙ
924 2328 1070 2372 uurrssus

171 2454 325 2514 4444444444.
354 2451 446 2502 Lectio
466 2451 540 2501 certa
558 2452 608 2500 est.
622 2447 744 2498 -Sicut
761 2447 881 2511 reliquas
894 2447 1033 2511 Conceptii
1046 2447 1130 2498 llosae
1149 2445 1261 2510 glandes
1280 2448 1314 2497 ite
1329 2447 1400 2499 henc
1412 2459 1482 2512 quo-

171 2552 223 2604 que
243 2540 373 2589 Picenam
398 2549 458 2588 esse
482 2549 545 2586 cum
568 2547 618 2600 per
635 2546 665 2584 se
682 2535 741 2584 veri
764 2537 806 2584 est
823 2533 911 2584 simile
930 2536 987 2582 tum
1012 2532 1207 2598 comprobatur
1224 2533 1276 2584 hac
1294 2534 1479 2599 inscriptione.

171 2624 241 2676 Nam
263 2623 405 2674 ltalienses
427 2621 500 2672 haud
519 2619 635 2671 dubium
660 2622 701 2671 est
718 2620 783 2684 quin
803 2619 869 2669 dicii
887 2619 940 2668 slnt
958 2631 1012 2669 uon
1030 2616 1066 2667 ab
1084 2621 1154 2669 terra
1175 2618 1212 2681 (id
1230 2619 1304 2668 enim
1322 2623 1377 2668 tem
1396 2619 1483 2670 histo-

172 2713 228 2762 4444
253 2710 385 2774 repugnat
407 2719 489 2772 quam
509 2704 620 2768 lormae)
647 2704 696 2756 sed
720 2703 754 2755 eb
775 2696 869 2754 ‘ltalia'
892 2705 1029 2755 sociorum
1053 2703 1122 2755 urhe
1147 2706 1165 2754 l.
1185 2717 1209 2754 e.
1230 2704 1362 2766 Cordule,
1387 2704 1482 2755 eadem

169 2795 288 2847 llexione
306 2807 360 2859 qua
379 2792 413 2844 eb
432 2793 492 2858 ipso
510 2791 628 2842 Corfinio
646 2787 838 2842 Corfinienses.
874 2789 938 2840 lnde
962 2792 1053 2840 autem
1077 2789 1130 2839 hoo
1153 2791 1206 2839 iam
1230 2791 1331 2840 certius
1353 2787 1482 2840 ailirmari

170 2884 273 2947 potest,
299 2878 361 2931 urbi
380 2891 479 2930 nomen
507 2878 624 2929 inditum
642 2875 726 2928 luisse
744 2889 798 2927 uon
816 2875 952 2936 italicam,
978 2877 1008 2925 ut
1030 2875 1103 2941 apud
1121 2873 1282 2926 Strabonem
1302 2878 1330 2924 et
1347 2874 1481 2926 vellelum

170 2968 287 3032 legimus
309 2964 351 3025 (44.
371 2964 407 3016 ad
430 2977 457 3014 n.
479 2963 520 3026 8),
547 2963 596 3014 sed
619 2962 767 3024 ltaliam,
797 2974 878 3025 quam
903 2959 1018 3011 lormam
1042 2960 1176 3011 Diodorus
1203 2973 1261 3012 exc.
1286 2961 1360 3010 Phot.
1384 2973 1410 3026 p.
1432 2963 1481 3011 588

169 3051 281 3104 exhibet
300 3049 357 3119 (τὴν
379 3045 468 3116 κοινὴν
491 3045 566 3100 πόλιν
586 3042 697 3099 Ἰταλίαν
720 3044 943 3115 ἐπονομάσαντες).
987 3045 1167 3098 Nummorum
1192 3059 1301 3112 quoque
1325 3047 1481 3109 inscriptio-

172 3151 235 3189 nem
258 3137 333 3188 ltolia
356 3148 411 3186 non
434 3135 469 3186 ad
487 3135 571 3186 Deam
597 3134 677 3199 (quod
690 3125 762 3183 'lieri
780 3145 861 3198 posse
883 3133 956 3184 recte
979 3138 1122 3183 monuerat
1140 3132 1326 3183 Mommseaus
1343 3132 1423 3198 Corp.
1444 3131 1482 3181 lX

170 3237 197 3290 p.
213 3225 264 3274 884
283 3222 318 3273 ad
332 3235 357 3272 n.
374 3222 430 3272 l=
444 3232 526 3286 supra
539 3231 566 3273 n.
582 3219 606 3282 8)
624 3218 673 3271 sed
691 3218 727 3270 ed
744 3218 842 3269 urbem
859 3218 948 3283 ipsam
966 3216 1137 3268 relerendam
1155 3229 1216 3268 esse
1236 3216 1273 3279 (id
1284 3217 1356 3282 quod
1370 3218 1483 3268 Momm·

170 3322 256 3361 senus
274 3307 354 3373 Corp.
374 3305 412 3357 lX
430 3320 456 3371 p.
472 3308 521 3355 887
539 3304 679 3368 statuerat)
699 3305 753 3355 iam
771 3316 820 3369 pro
839 3303 979 3367 explorato
997 3302 1152 3354 habendum
1172 3306 1222 3354 est.

138 3409 163 3446 n.
185 3390 252 3454 129,
269 3397 333 3443 4-48
354 3393 525 3456 (litati-ol.
545 3393 671 3441 558-548.
690 3392 749 3441 588.
768 3391 827 3439 ddi.
849 3391 908 3442 864.
929 3389 986 3451 til)

784 3493 836 3536 ula

138 3594 264 3644 lncertse
289 3590 414 3641 lectionis
437 3590 502 3639 sunt
526 3589 626 3636 448587
658 3596 709 3638 riu
734 3586 776 3649 lflr
796 3585 904 3644 autito)
927 3587 954 3635 44
973 3587 1022 3634 587
1041 3575 1100 3658 (rra
1117 3587 1149 3634 ut
1172 3574 1255 3657 vid).
1273 3611 1316 3621 —
1333 3594 1384 3637 Lac
1406 3585 1433 3633 et
1452 3594 1481 3634 ur

172 3677 245 3740 (vida
264 3689 290 3726 n.
313 3673 398 3725 wne
410 3674 439 3738 n)
459 3677 488 3724 in
506 3673 580 3724 nulle
598 3672 704 3734 agnovi.

535 5324 604 5376 'lypis
617 5322 754 5376 Breltuoplll
768 5323 790 5363 el
803 5321 915 5364 4444444444
927 5320 1088 5372 Lipsienainm.
