3902 6238
1004 630 1204 678 PRAEFATIO.

680 803 714 861 L.
740 801 880 862 Maenius
900 820 953 881 pr.
978 802 999 863 4,
1026 803 1086 862 ΧΗ
1104 801 1116 883 )
1137 804 1163 861 Χ
1183 801 1280 862 millio
1305 801 1366 861 442
1390 801 1462 862 lect.
1488 819 1578 881 susp.

680 905 722 966 44.
748 902 884 984 4444444444)
912 904 934 965 4.
961 905 1014 964 XV
1033 905 1074 965 22

680 1007 715 1066 D.
743 1008 785 1066 44.
813 1007 865 1068 04.
892 1006 912 1066 4.
940 1007 1008 1066 1111
1027 1006 1066 1066 70

678 1111 713 1169 Ι..
739 1110 829 1170 Rusti
851 1110 955 1189 Optatt'
975 1129 996 1170 a
1016 1127 1072 1170 m..
1097 1109 1138 1168 82

680 1213 718 1270 D.
747 1211 821 1272 Tod.
848 1213 898 1272 Po.
924 1213 964 1271 83

682 1314 715 1374 G.
742 1311 871 1394 04444444)
901 1316 962 1376 C...
989 1314 1027 1375 ⁴⁴

682 1418 715 1477 Ρ.
743 1415 868 1497 Gorpt'o.
894 1416 946 1477 vel
970 1419 1004 1479 Ρ.
1031 1420 1124 1499 Gorp.
1150 1421 1188 1480 N.
1217 1420 1275 1480 ⁴⁴⁴

521 1534 551 1615 3)
580 1535 719 1614 legiones
728 1535 770 1614 ¹):
1654 1599 1661 1608 ,

627 1638 653 1718 a)
683 1638 713 1698 in
730 1637 912 1700 Asculanis:
939 1640 993 1721 lep.
1014 1642 1058 1701 XI
1078 1641 1130 1719 2⁴,
1157 1642 1177 1703 l.
1197 1644 1251 1702 XV
1270 1642 1321 1702 vel
1345 1642 1402 1722 lep.
1421 1643 1476 1703 XV
1494 1642 1632 1716 28-26,
1660 1641 1773 1722 depici)

682 1739 877 1820 0444444444)
900 1740 950 1818 47,
977 1742 1052 1824 leplo
1067 1742 1216 1824 4444444444)
1241 1745 1296 1820 40;
1324 1743 1399 1826 deul
1414 1746 1454 1804 lli
1476 1744 1515 1803 40
1538 1741 1720 1824 (suspecta).

623 1841 652 1923 b)
682 1844 713 1903 in
738 1844 914 1905 Perusinis:
943 1845 965 1906 4.
991 1847 1042 1923 ill,
1068 1845 1168 1907 divom
1186 1847 1300 1909 4444444444
1323 1845 1362 1907 77
1388 1857 1420 1906 et
1442 1847 1464 1908 4.
1490 1847 1540 1923 til,
1567 1846 1630 1907 diu.
1650 1847 1708 1907 444.
1732 1844 1775 1906 78

684 1942 735 2026 (dc
759 1945 879 2024 quibus
894 1945 936 2008 ci.
960 1968 993 2026 p.
1013 1946 1081 2028 63);
1107 1949 1127 2009 4.
1154 1950 1215 2010 llll
1234 1950 1287 2026 8⁴,
1312 1949 1333 2010 4.
1360 1950 1419 2010 llll
1440 1950 1557 2011 uictrice
1579 1948 1632 2010 80.

625 2047 650 2127 cl
678 2047 816 2109 locorum
839 2049 1046 2113 incertorum:
1072 2050 1129 2132 lep.
1155 2053 1199 2112 XI
1220 2052 1292 2129 ⁴⁴⁴,
1319 2053 1341 2113 4.
1366 2051 1523 2114 linitis

518 2168 546 2246 4)
575 2166 706 2229 fortasse
731 2166 917 2245 funditores,
931 2168 975 2244 'in
998 2168 1170 2248 glandibus
1181 2170 1363 2232 Asculanis:
1390 2170 1544 2252 4444444444)
1565 2172 1594 2231 6.
1614 2169 1644 2247 7,
1673 2170 1772 2252 Galli)

577 2270 616 2329 46
641 2278 673 2331 et
695 2271 726 2330 in
751 2270 811 2349 his,
843 2289 980 2349 quorum
1004 2271 1223 2352 interpretatio
1246 2275 1340 2336 etiam
1363 2275 1463 2353 magis
1486 2272 1585 2334 dubia
1608 2280 1674 2334 est:
1702 2273 1771 2332 Fer.

575 2373 606 2450 8,
632 2374 713 2434 Mor.
742 2371 792 2433 45.
832 2374 995 2454 Nusquam
1019 2383 1125 2436 tamen
1148 2374 1345 2438 funditorum
1368 2373 1506 2456 cohors²l
1534 2374 1687 2454 iuscripta
1710 2383 1769 2436 est.

518 2493 546 2573 6)
574 2493 630 2572 qui
653 2491 729 2553 iecit
750 2492 915 2572 glandem:

682 2596 715 2657 G.
741 2594 900 2658 Fabricius
918 2597 991 2679 fecit
1015 2597 1075 2657 446
1104 2597 1140 2679 (si
1163 2600 1193 2660 oi
1217 2597 1296 2661 fides
1319 2607 1367 2660 cst
1390 2596 1545 2678 habenda)

517 2714 546 2795 6)
573 2712 823 2792 acclamationes,
848 2715 876 2794 a)
904 2717 936 2778 in
958 2714 1142 2779 Asculanis:

677 2816 742 2897 4444
765 2817 939 2898 &mucium
962 2817 1159 2899 Strabonem]
1187 2822 1220 2879 9-

678 2919 729 3000 444
751 2919 894 3000 sadotem)
924 2919 1090 3003 Pomlpero).
1111 2919 1202 3004 44447)
1232 2921 1270 2980 40

680 3019 854 3101 Asdullom's
875 3021 1041 3104 [dprslumil
1066 3022 1099 3084 44

677 3124 741 3205 seri
765 3127 866 3187 ric...
895 3125 934 3187 48

676 3225 801 3308 4449444444
819 3227 945 3308 peristis
970 3227 1007 3288 ⁴3

678 3347 724 3389 444
746 3327 800 3392 titt
820 3330 935 3392 molum
956 3330 1038 3392 molo
1060 3327 1101 3390 27

677 3431 835 3511 [tiliorum
857 3432 979 3513 44444444
1002 3431 1125 3512 moluit)
1152 3429 1288 3514 44444444
1311 3451 1427 3495 evomes
1449 3451 1565 3494 4444444
1587 3435 1626 3494 29

679 3541 779 3595 44444444
801 3553 917 3596 evomes
938 3552 1054 3595 omnem
1075 3536 1117 3596 28

679 3655 716 3717 op
739 3643 826 3720 44494
848 3637 870 3698 4.
896 3656 925 3699 e.
950 3636 1105 3699 adversus
1128 3637 1259 3721 terga(?)
1286 3640 1340 3700 30.
1364 3639 1400 3700 84

680 3739 782 3802 uentri
806 3737 842 3821 (i)
864 3740 905 3802 3⁴

622 3837 653 3920 b)
682 3842 713 3901 in
737 3841 894 3922 Hispane:
920 3842 1053 3923 4444444444
1077 3843 1115 3904 60
1472 3923 1481 3932 ¹

626 3941 653 4023 c)
679 3942 712 4004 in
735 3942 914 4006 Perusinis:
941 3945 1068 4007 Fuluiae
1087 3945 1257 4026 4444444άὲ44444
1276 3953 1344 4027 poto
1368 3945 1509 4027 (fulmen)
1532 3945 1574 4006 66

674 4044 758 4127 pedo]
780 4045 948 4128 0444444444
967 4057 1023 4109 aut
1043 4048 1180 4130 44444444)
1207 4049 1310 4110 melum
1332 4049 1373 4109 58

681 4148 788 4210 octavi
810 4149 878 4211 lom.
911 4147 1057 4231 (phallus)
1085 4151 1119 4210 64

682 4251 790 4313 Octaui
810 4251 897 4331 losse,
922 4251 993 4314 sede
1018 4249 1162 4335 (phallus)
1190 4255 1230 4316 62

679 4355 714 4415 Ι..
739 4349 854 4416 Antoni
873 4355 968 4433 cotue,
989 4357 1102 4436 peristi
1123 4356 1156 4418 0.
1184 4357 1340 4420 Goesorus
1362 4359 1491 4419 uictoria
1513 4357 1552 4418 64

499 4594 524 4655 4)
543 4591 582 4643 Ex
601 4592 761 4644 Mommseui
780 4595 913 4646 sententis
931 4594 981 4646 hes
1000 4595 1190 4662 inscriptiones
1208 4596 1243 4648 sd
1262 4597 1383 4661 ipsarum
1408 4597 1544 4660 legionum
1564 4609 1618 4645 non
1636 4594 1672 4646 ad
1694 4596 1774 4646 suxi-

428 4678 528 4729 liorum
547 4677 699 4732 lunditores
723 4677 818 4730 reterri
842 4684 973 4746 praestat,
998 4694 1059 4732 cum
1079 4693 1133 4732 non
1151 4680 1332 4733 dubitendum
1352 4683 1394 4741 sit,
1415 4682 1481 4745 quin
1505 4681 1646 4744 legionarii
1664 4695 1776 4746 quoquc

428 4777 511 4830 seepe
523 4763 616 4815 lundis
628 4765 671 4816 usi
684 4766 752 4825 sint,
768 4779 885 4831 cumque
898 4767 1010 4830 glandes
1023 4781 1077 4818 non
1091 4771 1243 4818 memorent
1254 4768 1306 4817 nisi
1318 4767 1438 4831 legiones
1451 4765 1570 4817 ducesve
1583 4766 1756 4832 legionarios.

498 4851 521 4913 4)
549 4849 649 4901 Caesar
672 4850 700 4900 b.
729 4853 781 4903 civ.
803 4852 846 4912 lli,
866 4853 895 4900 ⁴:
924 4853 1080 4919 (Pompeius
1105 4866 1177 4903 anno
1204 4851 1261 4914 tuit)
1290 4852 1452 4915 4444044444
1474 4853 1591 4903 44444444
1614 4854 1777 4902 scscersors'cs

429 4939 496 4988 duos
522 4935 667 5000 (habebnt).
696 4962 726 4974 -
751 4938 875 4990 Valerius
900 4937 970 4990 Mox.
995 4939 1069 5002 ll,'t,
1089 4941 1116 4990 s:
1147 4939 1176 4989 t.
1205 4937 1363 5001 0444444444
1387 4939 1447 4988 Piso
1468 4939 1558 5000 consol
1586 4937 1619 5002 [a.
1646 4941 1709 4999 64η
1739 4936 1774 4988 ci.

429 5037 456 5072 n.
479 5019 503 5087 1]
532 5035 592 5074 curn
614 5025 642 5075 44
660 5023 750 5075 Sicilie
767 5024 862 5075 44444444
879 5025 1005 5076 &uersus
1027 5025 1150 5088 4444444444
1171 5028 1273 5088 peroret
1290 5028 1315 5074 et
1335 5023 1363 5075 0.
1388 5024 1468 5075 Tition
1492 5026 1607 5086 4444444444
1626 5022 1778 5086 4444444644

431 5106 474 5171 [cl.
502 5109 622 5160 Frontin.
648 5111 723 5160 stret.
750 5110 794 5172 IV,
810 5114 834 5170 4,
850 5111 892 5175 iti]
917 5111 1082 5161 multitudiue
1105 5110 1216 5160 hostium
1240 5111 1430 5160 ctrwmoestos
1456 5121 1533 5158 4444444
1559 5111 1591 5159 iis
1615 5109 1774 5170 tradidisset,

428 5190 469 5243 iis
489 5194 653 5258 praesectum
668 5197 827 5260 4444444444
849 5197 986 5260 promtus
1009 5197 1109 5260 offecit:
1137 5230 1231 5247 ......
1240 5199 1390 5258 summoue
1413 5197 1541 5258 4444444444,
1576 5196 1668 5257 cuiun
1693 5206 1776 5256 proe-

432 5279 534 5341 44444444,
564 5281 690 5342 4444444444
714 5283 785 5342 costis
802 5284 831 5331 44
852 5282 1014 5345 4444044444
1040 5282 1099 5332 olas
1123 5283 1311 5343 transscripsit.
1361 5279 1413 5332 Vbi
1432 5278 1622 5343 significantur
1639 5280 1657 5331 ii
1675 5279 1777 5330 milites

428 5363 544 5416 sterili.
566 5378 591 5417 e.
614 5378 670 5416 non
691 5366 841 5430 legionarii,
861 5367 931 5417 inter
948 5379 1016 5431 quos
1033 5364 1184 5418 lunditores
1201 5365 1362 5418 militabant.
