<?xml version="1.0" encoding="UTF-8"?>
<!DOCTYPE html PUBLIC "-//W3C//DTD XHTML 1.0 Transitional//EN"
    "http://www.w3.org/TR/xhtml1/DTD/xhtml1-transitional.dtd">
<html xmlns="http://www.w3.org/1999/xhtml" xml:lang="en" lang="en">
 <head>
  <title>
</title>
<meta http-equiv="Content-Type" content="text/html;charset=utf-8" />
  <meta name='ocr-system' content='tesseract 3.04.00' />
  <meta name='ocr-capabilities' content='ocr_page ocr_carea ocr_par ocr_line ocrx_word'/>
</head>
<body>
  <div class='ocr_page' id='page_1' title='image "./ephemerisepigra18instgoog_0145.png"; bbox 0 0 3922 6240; ppageno 0'>
   <div class='ocr_carea' id='block_1_1' title="bbox 653 1616 1555 1752">
    <p class='ocr_par' dir='ltr' id='par_1_1' title="bbox 653 1616 1555 1752">
     <span class='ocr_line' id='line_1_1' title="bbox 653 1616 1555 1752; baseline -0.007 0"><span class='ocrx_word' id='word_1_1' title='bbox 653 1616 1077 1752; x_wconf 85' lang='lat' dir='ltr'><strong>GLANDES</strong></span> <span class='ocrx_word' id='word_1_2' title='bbox 1133 1616 1555 1749; x_wconf 88' lang='lat' dir='ltr'><strong>SPVRIAE.</strong></span> 
     </span>
    </p>
   </div>
   <div class='ocr_carea' id='block_1_2' title="bbox 426 1907 1776 4795">
    <p class='ocr_par' dir='ltr' id='par_1_2' title="bbox 426 1907 1776 4795">
     <span class='ocr_line' id='line_1_2' title="bbox 429 1907 1776 2043; baseline -0.003 -11"><span class='ocrx_word' id='word_1_3' title='bbox 429 1907 584 2032; x_wconf 85' lang='lat' dir='ltr'>Primum</span> <span class='ocrx_word' id='word_1_4' title='bbox 603 1990 689 2041; x_wconf 88' lang='lat' dir='ltr'>genus</span> <span class='ocrx_word' id='word_1_5' title='bbox 703 1975 830 2039; x_wconf 64' lang='grc' dir='ltr'>(μ’-49*</span> <span class='ocrx_word' id='word_1_6' title='bbox 847 1989 880 2027; x_wconf 91' lang='lat' dir='ltr'>ac</span> <span class='ocrx_word' id='word_1_7' title='bbox 898 1974 1012 2027; x_wconf 86' lang='lat' dir='ltr'>tortasse</span> <span class='ocrx_word' id='word_1_8' title='bbox 1028 1973 1108 2039; x_wconf 69' lang='lat' dir='ltr'>tw)</span> <span class='ocrx_word' id='word_1_9' title='bbox 1128 1981 1169 2027; x_wconf 89' lang='lat' dir='ltr'>cst</span> <span class='ocrx_word' id='word_1_10' title='bbox 1180 1989 1284 2038; x_wconf 86' lang='lat' dir='ltr'>earum,</span> <span class='ocrx_word' id='word_1_11' title='bbox 1305 1989 1375 2040; x_wconf 91' lang='lat' dir='ltr'>quae</span> <span class='ocrx_word' id='word_1_12' title='bbox 1388 1977 1490 2027; x_wconf 88' lang='lat' dir='ltr'>llinicii</span> <span class='ocrx_word' id='word_1_13' title='bbox 1508 1979 1595 2029; x_wconf 85' lang='lat' dir='ltr'>aetate</span> <span class='ocrx_word' id='word_1_14' title='bbox 1614 1977 1776 2043; x_wconf 90' lang='lat' dir='ltr'>prodierunt</span> 
     </span>
     <span class='ocr_line' id='line_1_3' title="bbox 430 2063 1774 2130; baseline 0.001 -16"><span class='ocrx_word' id='word_1_15' title='bbox 430 2069 457 2114; x_wconf 89' lang='lat' dir='ltr'>et</span> <span class='ocrx_word' id='word_1_16' title='bbox 474 2065 529 2115; x_wconf 92' lang='lat' dir='ltr'>huc</span> <span class='ocrx_word' id='word_1_17' title='bbox 546 2078 633 2128; x_wconf 92' lang='lat' dir='ltr'>usque</span> <span class='ocrx_word' id='word_1_18' title='bbox 651 2063 801 2114; x_wconf 76' lang='lat' dir='ltr'>editoribus</span> <span class='ocrx_word' id='word_1_19' title='bbox 821 2063 977 2125; x_wconf 82' lang='lat' dir='ltr'>(novissime</span> <span class='ocrx_word' id='word_1_20' title='bbox 995 2064 1152 2126; x_wconf 88' lang='lat' dir='ltr'>Garruccio)</span> <span class='ocrx_word' id='word_1_21' title='bbox 1173 2065 1371 2128; x_wconf 88' lang='lat' dir='ltr'>imposuerunt,</span> <span class='ocrx_word' id='word_1_22' title='bbox 1392 2065 1444 2114; x_wconf 90' lang='lat' dir='ltr'>nisi</span> <span class='ocrx_word' id='word_1_23' title='bbox 1462 2063 1536 2128; x_wconf 93' lang='lat' dir='ltr'>quod</span> <span class='ocrx_word' id='word_1_24' title='bbox 1554 2078 1618 2130; x_wconf 90' lang='lat' dir='ltr'>pars</span> <span class='ocrx_word' id='word_1_25' title='bbox 1636 2078 1684 2125; x_wconf 87' lang='lat' dir='ltr'>ea,</span> <span class='ocrx_word' id='word_1_26' title='bbox 1704 2078 1774 2128; x_wconf 90' lang='lat' dir='ltr'>quae</span> 
     </span>
     <span class='ocr_line' id='line_1_4' title="bbox 429 2147 1775 2215; baseline 0 -15"><span class='ocrx_word' id='word_1_27' title='bbox 429 2151 463 2201; x_wconf 92' lang='lat' dir='ltr'>ad</span> <span class='ocrx_word' id='word_1_28' title='bbox 476 2151 595 2214; x_wconf 78' lang='lat' dir='ltr'>legiones</span> <span class='ocrx_word' id='word_1_29' title='bbox 608 2152 722 2215; x_wconf 91' lang='lat' dir='ltr'>spectat,</span> <span class='ocrx_word' id='word_1_30' title='bbox 736 2162 752 2199; x_wconf 91' lang='lat' dir='ltr'>a</span> <span class='ocrx_word' id='word_1_31' title='bbox 765 2150 932 2199; x_wconf 86' lang='lat' dir='ltr'>Mommseno</span> <span class='ocrx_word' id='word_1_32' title='bbox 945 2152 981 2209; x_wconf 92' lang='lat' dir='ltr'>et,</span> <span class='ocrx_word' id='word_1_33' title='bbox 1001 2147 1030 2198; x_wconf 93' lang='lat' dir='ltr'>id</span> <span class='ocrx_word' id='word_1_34' title='bbox 1042 2148 1116 2213; x_wconf 93' lang='lat' dir='ltr'>quod</span> <span class='ocrx_word' id='word_1_35' title='bbox 1130 2161 1217 2213; x_wconf 84' lang='lat' dir='ltr'>nuper</span> <span class='ocrx_word' id='word_1_36' title='bbox 1229 2148 1339 2199; x_wconf 90' lang='lat' dir='ltr'>demum</span> <span class='ocrx_word' id='word_1_37' title='bbox 1356 2147 1512 2210; x_wconf 82' lang='lat' dir='ltr'>didicimus,</span> <span class='ocrx_word' id='word_1_38' title='bbox 1534 2151 1589 2199; x_wconf 89' lang='lat' dir='ltr'>iarn</span> <span class='ocrx_word' id='word_1_39' title='bbox 1601 2163 1617 2200; x_wconf 90' lang='lat' dir='ltr'>a</span> <span class='ocrx_word' id='word_1_40' title='bbox 1630 2149 1775 2214; x_wconf 89' lang='lat' dir='ltr'>Borghesio</span> 
     </span>
     <span class='ocr_line' id='line_1_5' title="bbox 428 2235 1774 2300; baseline -0.002 -12"><span class='ocrx_word' id='word_1_41' title='bbox 428 2250 500 2288; x_wconf 93' lang='lat' dir='ltr'>anno</span> <span class='ocrx_word' id='word_1_42' title='bbox 514 2239 580 2286; x_wconf 77' lang='grc'>4836</span> <span class='ocrx_word' id='word_1_43' title='bbox 593 2238 621 2286; x_wconf 93' lang='lat' dir='ltr'>in</span> <span class='ocrx_word' id='word_1_44' title='bbox 640 2236 824 2300; x_wconf 81' lang='lat' dir='ltr'>suspicionem</span> <span class='ocrx_word' id='word_1_45' title='bbox 838 2238 934 2285; x_wconf 87' lang='lat' dir='ltr'>vocata</span> <span class='ocrx_word' id='word_1_46' title='bbox 953 2237 1018 2285; x_wconf 88' lang='lat' dir='ltr'>erat.</span> <span class='ocrx_word' id='word_1_47' title='bbox 1056 2235 1111 2299; x_wconf 88' lang='lat' dir='ltr'>Ego</span> <span class='ocrx_word' id='word_1_48' title='bbox 1124 2248 1188 2285; x_wconf 90' lang='lat' dir='ltr'>cum</span> <span class='ocrx_word' id='word_1_49' title='bbox 1206 2236 1326 2299; x_wconf 90' lang='lat' dir='ltr'>primum</span> <span class='ocrx_word' id='word_1_50' title='bbox 1339 2248 1411 2286; x_wconf 88' lang='lat' dir='ltr'>anno</span> <span class='ocrx_word' id='word_1_51' title='bbox 1424 2238 1491 2286; x_wconf 79' lang='lat' dir='ltr'>lali</span> <span class='ocrx_word' id='word_1_52' title='bbox 1504 2239 1592 2287; x_wconf 92' lang='lat' dir='ltr'>musei</span> <span class='ocrx_word' id='word_1_53' title='bbox 1606 2235 1774 2286; x_wconf 82' lang='lat' dir='ltr'>lllrchariani</span> 
     </span>
     <span class='ocr_line' id='line_1_6' title="bbox 428 2321 1774 2386; baseline 0 -13"><span class='ocrx_word' id='word_1_54' title='bbox 428 2323 571 2374; x_wconf 80' lang='lat' dir='ltr'>thesauros</span> <span class='ocrx_word' id='word_1_55' title='bbox 589 2325 655 2373; x_wconf 91' lang='lat' dir='ltr'>tunc</span> <span class='ocrx_word' id='word_1_56' title='bbox 672 2323 727 2372; x_wconf 91' lang='lat' dir='ltr'>iam</span> <span class='ocrx_word' id='word_1_57' title='bbox 745 2323 807 2372; x_wconf 91' lang='lat' dir='ltr'>usui</span> <span class='ocrx_word' id='word_1_58' title='bbox 826 2323 965 2371; x_wconf 92' lang='lat' dir='ltr'>communi</span> <span class='ocrx_word' id='word_1_59' title='bbox 990 2321 1134 2372; x_wconf 89' lang='lat' dir='ltr'>commode</span> <span class='ocrx_word' id='word_1_60' title='bbox 1151 2323 1288 2386; x_wconf 88' lang='lat' dir='ltr'>expositos</span> <span class='ocrx_word' id='word_1_61' title='bbox 1312 2323 1339 2372; x_wconf 90' lang='lat' dir='ltr'>et</span> <span class='ocrx_word' id='word_1_62' title='bbox 1355 2321 1480 2386; x_wconf 82' lang='lat' dir='ltr'>liuggieri</span> <span class='ocrx_word' id='word_1_63' title='bbox 1498 2334 1564 2372; x_wconf 90' lang='lat' dir='ltr'>cura</span> <span class='ocrx_word' id='word_1_64' title='bbox 1582 2322 1700 2386; x_wconf 86' lang='lat' dir='ltr'>digestos</span> <span class='ocrx_word' id='word_1_65' title='bbox 1718 2323 1774 2374; x_wconf 91' lang='lat' dir='ltr'>adii</span> 
     </span>
     <span class='ocr_line' id='line_1_7' title="bbox 428 2407 1773 2472; baseline -0.001 -13"><span class='ocrx_word' id='word_1_66' title='bbox 428 2413 455 2459; x_wconf 91' lang='lat' dir='ltr'>et</span> <span class='ocrx_word' id='word_1_67' title='bbox 473 2407 585 2472; x_wconf 82' lang='lat' dir='ltr'>glandes</span> <span class='ocrx_word' id='word_1_68' title='bbox 602 2407 767 2472; x_wconf 89' lang='lat' dir='ltr'>perlustrare</span> <span class='ocrx_word' id='word_1_69' title='bbox 786 2409 873 2472; x_wconf 89' lang='lat' dir='ltr'>coepi,</span> <span class='ocrx_word' id='word_1_70' title='bbox 894 2408 920 2457; x_wconf 91' lang='lat' dir='ltr'>in</span> <span class='ocrx_word' id='word_1_71' title='bbox 940 2420 1034 2457; x_wconf 90' lang='lat' dir='ltr'>earnm</span> <span class='ocrx_word' id='word_1_72' title='bbox 1052 2421 1165 2458; x_wconf 91' lang='lat' dir='ltr'>numero</span> <span class='ocrx_word' id='word_1_73' title='bbox 1184 2409 1276 2458; x_wconf 90' lang='lat' dir='ltr'>statim</span> <span class='ocrx_word' id='word_1_74' title='bbox 1294 2407 1390 2459; x_wconf 88' lang='lat' dir='ltr'>oculos</span> <span class='ocrx_word' id='word_1_75' title='bbox 1408 2407 1521 2458; x_wconf 73' lang='lat' dir='ltr'>offendit</span> <span class='ocrx_word' id='word_1_76' title='bbox 1533 2409 1618 2459; x_wconf 90' lang='lat' dir='ltr'>series</span> <span class='ocrx_word' id='word_1_77' title='bbox 1633 2407 1773 2472; x_wconf 89' lang='lat' dir='ltr'>glandium</span> 
     </span>
     <span class='ocr_line' id='line_1_8' title="bbox 431 2493 1775 2560; baseline 0.001 -16"><span class='ocrx_word' id='word_1_78' title='bbox 431 2493 549 2546; x_wconf 77' lang='lat' dir='ltr'>⁴*-l8*</span> <span class='ocrx_word' id='word_1_79' title='bbox 567 2496 638 2545; x_wconf 89' lang='lat' dir='ltr'>inter</span> <span class='ocrx_word' id='word_1_80' title='bbox 659 2508 687 2545; x_wconf 91' lang='lat' dir='ltr'>se</span> <span class='ocrx_word' id='word_1_81' title='bbox 706 2494 908 2544; x_wconf 80' lang='lat' dir='ltr'>simillimorum</span> <span class='ocrx_word' id='word_1_82' title='bbox 929 2496 955 2544; x_wconf 91' lang='lat' dir='ltr'>et</span> <span class='ocrx_word' id='word_1_83' title='bbox 973 2493 1087 2544; x_wconf 89' lang='lat' dir='ltr'>eandem</span> <span class='ocrx_word' id='word_1_84' title='bbox 1100 2493 1236 2544; x_wconf 86' lang='lat' dir='ltr'>cilicinam</span> <span class='ocrx_word' id='word_1_85' title='bbox 1249 2493 1440 2558; x_wconf 81' lang='lat' dir='ltr'>prodentium,</span> <span class='ocrx_word' id='word_1_86' title='bbox 1461 2494 1510 2545; x_wconf 90' lang='lat' dir='ltr'>sed</span> <span class='ocrx_word' id='word_1_87' title='bbox 1529 2495 1620 2560; x_wconf 84' lang='lat' dir='ltr'>specie</span> <span class='ocrx_word' id='word_1_88' title='bbox 1639 2497 1775 2546; x_wconf 82' lang='lat' dir='ltr'>externae</span> 
     </span>
     <span class='ocr_line' id='line_1_9' title="bbox 428 2579 1774 2646; baseline -0.002 -13"><span class='ocrx_word' id='word_1_89' title='bbox 428 2583 560 2646; x_wconf 84' lang='lat' dir='ltr'>genuinis,</span> <span class='ocrx_word' id='word_1_90' title='bbox 582 2593 650 2645; x_wconf 88' lang='lat' dir='ltr'>quas</span> <span class='ocrx_word' id='word_1_91' title='bbox 663 2580 764 2631; x_wconf 90' lang='lat' dir='ltr'>multas</span> <span class='ocrx_word' id='word_1_92' title='bbox 776 2583 841 2631; x_wconf 91' lang='lat' dir='ltr'>tunc</span> <span class='ocrx_word' id='word_1_93' title='bbox 853 2581 906 2630; x_wconf 92' lang='lat' dir='ltr'>iam</span> <span class='ocrx_word' id='word_1_94' title='bbox 919 2579 1051 2640; x_wconf 87' lang='lat' dir='ltr'>videram,</span> <span class='ocrx_word' id='word_1_95' title='bbox 1067 2579 1145 2644; x_wconf 88' lang='lat' dir='ltr'>longe</span> <span class='ocrx_word' id='word_1_96' title='bbox 1159 2581 1326 2632; x_wconf 90' lang='lat' dir='ltr'>distantium.</span> <span class='ocrx_word' id='word_1_97' title='bbox 1353 2581 1462 2630; x_wconf 84' lang='lat' dir='ltr'>Praeter</span> <span class='ocrx_word' id='word_1_98' title='bbox 1479 2580 1528 2631; x_wconf 92' lang='lat' dir='ltr'>has</span> <span class='ocrx_word' id='word_1_99' title='bbox 1541 2586 1635 2646; x_wconf 89' lang='lat' dir='ltr'>postea</span> <span class='ocrx_word' id='word_1_100' title='bbox 1648 2582 1774 2632; x_wconf 85' lang='lat' dir='ltr'>Perusiae</span> 
     </span>
     <span class='ocr_line' id='line_1_10' title="bbox 429 2662 1773 2731; baseline -0.001 -13"><span class='ocrx_word' id='word_1_101' title='bbox 429 2669 518 2718; x_wconf 87' lang='lat' dir='ltr'>inveni</span> <span class='ocrx_word' id='word_1_102' title='bbox 538 2667 615 2730; x_wconf 88' lang='lat' dir='ltr'>duas,</span> <span class='ocrx_word' id='word_1_103' title='bbox 642 2679 759 2731; x_wconf 89' lang='lat' dir='ltr'>quarum</span> <span class='ocrx_word' id='word_1_104' title='bbox 777 2679 859 2716; x_wconf 92' lang='lat' dir='ltr'>unam</span> <span class='ocrx_word' id='word_1_105' title='bbox 876 2679 903 2716; x_wconf 91' lang='lat' dir='ltr'>n.</span> <span class='ocrx_word' id='word_1_106' title='bbox 919 2662 968 2716; x_wconf 79' lang='lat' dir='ltr'>ta*</span> <span class='ocrx_word' id='word_1_107' title='bbox 987 2665 1111 2717; x_wconf 91' lang='lat' dir='ltr'>eiusdem</span> <span class='ocrx_word' id='word_1_108' title='bbox 1129 2667 1238 2730; x_wconf 88' lang='lat' dir='ltr'>generis</span> <span class='ocrx_word' id='word_1_109' title='bbox 1257 2679 1317 2716; x_wconf 89' lang='lat' dir='ltr'>esse</span> <span class='ocrx_word' id='word_1_110' title='bbox 1335 2665 1402 2715; x_wconf 91' lang='lat' dir='ltr'>mihi</span> <span class='ocrx_word' id='word_1_111' title='bbox 1420 2669 1534 2728; x_wconf 90' lang='lat' dir='ltr'>constat,</span> <span class='ocrx_word' id='word_1_112' title='bbox 1556 2666 1641 2717; x_wconf 90' lang='lat' dir='ltr'>altera</span> <span class='ocrx_word' id='word_1_113' title='bbox 1659 2679 1686 2716; x_wconf 90' lang='lat' dir='ltr'>n.</span> <span class='ocrx_word' id='word_1_114' title='bbox 1702 2665 1773 2717; x_wconf 75' lang='lat' dir='ltr'>tta*</span> 
     </span>
     <span class='ocr_line' id='line_1_11' title="bbox 428 2751 1775 2817; baseline -0.001 -13"><span class='ocrx_word' id='word_1_115' title='bbox 428 2754 617 2805; x_wconf 87' lang='lat' dir='ltr'>videturesse.</span> <span class='ocrx_word' id='word_1_116' title='bbox 644 2753 731 2803; x_wconf 90' lang='lat' dir='ltr'>Fusae</span> <span class='ocrx_word' id='word_1_117' title='bbox 743 2755 807 2802; x_wconf 88' lang='lat' dir='ltr'>sunt</span> <span class='ocrx_word' id='word_1_118' title='bbox 818 2752 930 2816; x_wconf 88' lang='lat' dir='ltr'>quidem</span> <span class='ocrx_word' id='word_1_119' title='bbox 943 2753 1015 2803; x_wconf 90' lang='lat' dir='ltr'>sicut</span> <span class='ocrx_word' id='word_1_120' title='bbox 1026 2753 1167 2817; x_wconf 80' lang='lat' dir='ltr'>antiquae,</span> <span class='ocrx_word' id='word_1_121' title='bbox 1183 2751 1231 2802; x_wconf 90' lang='lat' dir='ltr'>sed</span> <span class='ocrx_word' id='word_1_122' title='bbox 1243 2751 1349 2802; x_wconf 88' lang='lat' dir='ltr'>litterae</span> <span class='ocrx_word' id='word_1_123' title='bbox 1362 2753 1453 2815; x_wconf 85' lang='lat' dir='ltr'>postea</span> <span class='ocrx_word' id='word_1_124' title='bbox 1466 2751 1576 2802; x_wconf 86' lang='lat' dir='ltr'>additae</span> <span class='ocrx_word' id='word_1_125' title='bbox 1587 2755 1650 2803; x_wconf 84' lang='lat' dir='ltr'>suni</span> <span class='ocrx_word' id='word_1_126' title='bbox 1663 2764 1775 2803; x_wconf 88' lang='lat' dir='ltr'>earum-</span> 
     </span>
     <span class='ocr_line' id='line_1_12' title="bbox 427 2835 1773 2904; baseline -0.003 -14"><span class='ocrx_word' id='word_1_127' title='bbox 427 2854 480 2904; x_wconf 86' lang='lat' dir='ltr'>que</span> <span class='ocrx_word' id='word_1_128' title='bbox 498 2840 591 2891; x_wconf 88' lang='lat' dir='ltr'>hastae</span> <span class='ocrx_word' id='word_1_129' title='bbox 610 2841 648 2890; x_wconf 95' lang='lat' dir='ltr'>ita</span> <span class='ocrx_word' id='word_1_130' title='bbox 660 2839 790 2898; x_wconf 87' lang='lat' dir='ltr'>eminent,</span> <span class='ocrx_word' id='word_1_131' title='bbox 805 2841 836 2889; x_wconf 89' lang='lat' dir='ltr'>ut</span> <span class='ocrx_word' id='word_1_132' title='bbox 847 2838 934 2889; x_wconf 89' lang='lat' dir='ltr'>cultro</span> <span class='ocrx_word' id='word_1_133' title='bbox 949 2841 1072 2889; x_wconf 82' lang='lat' dir='ltr'>exsectus</span> <span class='ocrx_word' id='word_1_134' title='bbox 1085 2851 1144 2889; x_wconf 91' lang='lat' dir='ltr'>esse</span> <span class='ocrx_word' id='word_1_135' title='bbox 1156 2839 1293 2903; x_wconf 90' lang='lat' dir='ltr'>appareat.</span> <span class='ocrx_word' id='word_1_136' title='bbox 1314 2837 1451 2901; x_wconf 80' lang='lat' dir='ltr'>Robiginis</span> <span class='ocrx_word' id='word_1_137' title='bbox 1464 2835 1565 2888; x_wconf 88' lang='lat' dir='ltr'>babent</span> <span class='ocrx_word' id='word_1_138' title='bbox 1579 2850 1633 2887; x_wconf 92' lang='lat' dir='ltr'>non</span> <span class='ocrx_word' id='word_1_139' title='bbox 1647 2838 1773 2900; x_wconf 90' lang='lat' dir='ltr'>multum,</span> 
     </span>
     <span class='ocr_line' id='line_1_13' title="bbox 428 2923 1774 2988; baseline -0.001 -12"><span class='ocrx_word' id='word_1_140' title='bbox 428 2928 464 2977; x_wconf 90' lang='lat' dir='ltr'>ita</span> <span class='ocrx_word' id='word_1_141' title='bbox 483 2929 513 2976; x_wconf 92' lang='lat' dir='ltr'>ut</span> <span class='ocrx_word' id='word_1_142' title='bbox 531 2938 564 2976; x_wconf 90' lang='lat' dir='ltr'>ex</span> <span class='ocrx_word' id='word_1_143' title='bbox 582 2939 614 2976; x_wconf 90' lang='lat' dir='ltr'>ea</span> <span class='ocrx_word' id='word_1_144' title='bbox 633 2938 662 2974; x_wconf 91' lang='lat' dir='ltr'>re</span> <span class='ocrx_word' id='word_1_145' title='bbox 682 2926 708 2973; x_wconf 89' lang='lat' dir='ltr'>in</span> <span class='ocrx_word' id='word_1_146' title='bbox 727 2927 852 2975; x_wconf 90' lang='lat' dir='ltr'>neutram</span> <span class='ocrx_word' id='word_1_147' title='bbox 866 2926 970 2988; x_wconf 87' lang='lat' dir='ltr'>partem</span> <span class='ocrx_word' id='word_1_148' title='bbox 990 2925 1057 2975; x_wconf 93' lang='lat' dir='ltr'>certi</span> <span class='ocrx_word' id='word_1_149' title='bbox 1075 2924 1179 2988; x_wconf 91' lang='lat' dir='ltr'>aliquid</span> <span class='ocrx_word' id='word_1_150' title='bbox 1192 2923 1320 2975; x_wconf 91' lang='lat' dir='ltr'>concludi</span> <span class='ocrx_word' id='word_1_151' title='bbox 1332 2925 1432 2988; x_wconf 88' lang='lat' dir='ltr'>possit;</span> <span class='ocrx_word' id='word_1_152' title='bbox 1455 2925 1574 2974; x_wconf 90' lang='lat' dir='ltr'>attamen</span> <span class='ocrx_word' id='word_1_153' title='bbox 1592 2923 1645 2974; x_wconf 92' lang='lat' dir='ltr'>hoc</span> <span class='ocrx_word' id='word_1_154' title='bbox 1656 2927 1774 2986; x_wconf 88' lang='lat' dir='ltr'>canstat,</span> 
     </span>
     <span class='ocr_line' id='line_1_14' title="bbox 429 3009 1776 3075; baseline -0.002 -13"><span class='ocrx_word' id='word_1_155' title='bbox 429 3015 457 3062; x_wconf 89' lang='lat' dir='ltr'>in</span> <span class='ocrx_word' id='word_1_156' title='bbox 476 3012 549 3062; x_wconf 89' lang='lat' dir='ltr'>nulla</span> <span class='ocrx_word' id='word_1_157' title='bbox 568 3011 665 3061; x_wconf 90' lang='lat' dir='ltr'>harum</span> <span class='ocrx_word' id='word_1_158' title='bbox 683 3009 821 3074; x_wconf 88' lang='lat' dir='ltr'>glandium</span> <span class='ocrx_word' id='word_1_159' title='bbox 841 3011 992 3074; x_wconf 85' lang='lat' dir='ltr'>robiginem</span> <span class='ocrx_word' id='word_1_160' title='bbox 1011 3014 1116 3061; x_wconf 89' lang='lat' dir='ltr'>exstare</span> <span class='ocrx_word' id='word_1_161' title='bbox 1135 3010 1231 3071; x_wconf 89' lang='lat' dir='ltr'>talem,</span> <span class='ocrx_word' id='word_1_162' title='bbox 1259 3009 1348 3075; x_wconf 90' lang='lat' dir='ltr'>qualis</span> <span class='ocrx_word' id='word_1_163' title='bbox 1367 3010 1421 3059; x_wconf 90' lang='lat' dir='ltr'>situ</span> <span class='ocrx_word' id='word_1_164' title='bbox 1443 3009 1572 3060; x_wconf 91' lang='lat' dir='ltr'>diuturno</span> <span class='ocrx_word' id='word_1_165' title='bbox 1590 3013 1731 3061; x_wconf 87' lang='lat' dir='ltr'>excrescat</span> <span class='ocrx_word' id='word_1_166' title='bbox 1747 3012 1776 3060; x_wconf 89' lang='lat' dir='ltr'>et</span> 
     </span>
     <span class='ocr_line' id='line_1_15' title="bbox 428 3094 1773 3161; baseline -0.001 -13"><span class='ocrx_word' id='word_1_167' title='bbox 428 3097 550 3149; x_wconf 84' lang='lat' dir='ltr'>ialsitatis</span> <span class='ocrx_word' id='word_1_168' title='bbox 574 3097 757 3161; x_wconf 85' lang='lat' dir='ltr'>suspicionem</span> <span class='ocrx_word' id='word_1_169' title='bbox 776 3096 913 3147; x_wconf 90' lang='lat' dir='ltr'>excludat.</span> <span class='ocrx_word' id='word_1_170' title='bbox 938 3124 974 3134; x_wconf 95' lang='lat'>-</span> <span class='ocrx_word' id='word_1_171' title='bbox 995 3099 1062 3147; x_wconf 90' lang='lat' dir='ltr'>ltem</span> <span class='ocrx_word' id='word_1_172' title='bbox 1080 3097 1230 3147; x_wconf 82' lang='lat' dir='ltr'>litterarum</span> <span class='ocrx_word' id='word_1_173' title='bbox 1254 3094 1369 3158; x_wconf 80' lang='lat' dir='ltr'>formae,</span> <span class='ocrx_word' id='word_1_174' title='bbox 1394 3109 1465 3159; x_wconf 90' lang='lat' dir='ltr'>quae</span> <span class='ocrx_word' id='word_1_175' title='bbox 1492 3096 1634 3146; x_wconf 86' lang='lat' dir='ltr'>imitantur</span> <span class='ocrx_word' id='word_1_176' title='bbox 1655 3096 1773 3160; x_wconf 88' lang='lat' dir='ltr'>quadam</span> 
     </span>
     <span class='ocr_line' id='line_1_16' title="bbox 428 3179 1771 3247; baseline -0.002 -13"><span class='ocrx_word' id='word_1_177' title='bbox 428 3187 507 3234; x_wconf 84' lang='lat' dir='ltr'>tenus</span> <span class='ocrx_word' id='word_1_178' title='bbox 525 3182 590 3233; x_wconf 92' lang='lat' dir='ltr'>belli</span> <span class='ocrx_word' id='word_1_179' title='bbox 602 3181 708 3232; x_wconf 88' lang='lat' dir='ltr'>socialis</span> <span class='ocrx_word' id='word_1_180' title='bbox 721 3181 833 3246; x_wconf 87' lang='lat' dir='ltr'>glandes</span> <span class='ocrx_word' id='word_1_181' title='bbox 845 3182 1004 3244; x_wconf 82' lang='lat' dir='ltr'>Asculanas,</span> <span class='ocrx_word' id='word_1_182' title='bbox 1024 3182 1105 3247; x_wconf 89' lang='lat' dir='ltr'>plane</span> <span class='ocrx_word' id='word_1_183' title='bbox 1117 3186 1222 3233; x_wconf 88' lang='lat' dir='ltr'>certum</span> <span class='ocrx_word' id='word_1_184' title='bbox 1241 3179 1344 3231; x_wconf 81' lang='lat' dir='ltr'>fraudis</span> <span class='ocrx_word' id='word_1_185' title='bbox 1356 3183 1547 3244; x_wconf 79' lang='lat' dir='ltr'>argumentum</span> <span class='ocrx_word' id='word_1_186' title='bbox 1560 3193 1614 3231; x_wconf 90' lang='lat' dir='ltr'>non</span> <span class='ocrx_word' id='word_1_187' title='bbox 1629 3180 1771 3244; x_wconf 89' lang='lat' dir='ltr'>praebent,</span> 
     </span>
     <span class='ocr_line' id='line_1_17' title="bbox 427 3266 1772 3332; baseline -0.001 -14"><span class='ocrx_word' id='word_1_188' title='bbox 427 3270 534 3319; x_wconf 88' lang='lat' dir='ltr'>tametsi</span> <span class='ocrx_word' id='word_1_189' title='bbox 552 3269 734 3332; x_wconf 87' lang='lat' dir='ltr'>suspicionem</span> <span class='ocrx_word' id='word_1_190' title='bbox 754 3269 865 3317; x_wconf 89' lang='lat' dir='ltr'>movent</span> <span class='ocrx_word' id='word_1_191' title='bbox 889 3281 916 3316; x_wconf 93' lang='lat' dir='ltr'>n.</span> <span class='ocrx_word' id='word_1_192' title='bbox 929 3267 962 3317; x_wconf 81' lang='lat'>6*</span> <span class='ocrx_word' id='word_1_193' title='bbox 975 3267 1100 3329; x_wconf 85' lang='lat' dir='ltr'>(maxime</span> <span class='ocrx_word' id='word_1_194' title='bbox 1119 3267 1160 3328; x_wconf 87' lang='lat' dir='ltr'>M,</span> <span class='ocrx_word' id='word_1_195' title='bbox 1184 3266 1280 3332; x_wconf 85' lang='lat' dir='ltr'>quales</span> <span class='ocrx_word' id='word_1_196' title='bbox 1298 3279 1363 3317; x_wconf 89' lang='lat' dir='ltr'>sane</span> <span class='ocrx_word' id='word_1_197' title='bbox 1384 3269 1411 3314; x_wconf 88' lang='lat' dir='ltr'>in</span> <span class='ocrx_word' id='word_1_198' title='bbox 1430 3268 1549 3316; x_wconf 90' lang='lat' dir='ltr'>nummis</span> <span class='ocrx_word' id='word_1_199' title='bbox 1567 3266 1674 3330; x_wconf 87' lang='lat' dir='ltr'>angusti</span> <span class='ocrx_word' id='word_1_200' title='bbox 1692 3267 1772 3331; x_wconf 89' lang='lat' dir='ltr'>spatii</span> 
     </span>
     <span class='ocr_line' id='line_1_18' title="bbox 427 3349 1771 3418; baseline -0.001 -14"><span class='ocrx_word' id='word_1_201' title='bbox 427 3355 473 3405; x_wconf 91' lang='lat' dir='ltr'>hic</span> <span class='ocrx_word' id='word_1_202' title='bbox 495 3354 551 3404; x_wconf 93' lang='lat' dir='ltr'>illic</span> <span class='ocrx_word' id='word_1_203' title='bbox 574 3353 756 3414; x_wconf 88' lang='lat' dir='ltr'>inveniuntur)</span> <span class='ocrx_word' id='word_1_204' title='bbox 781 3356 809 3404; x_wconf 90' lang='lat' dir='ltr'>et</span> <span class='ocrx_word' id='word_1_205' title='bbox 831 3353 853 3402; x_wconf 86' lang='lat' dir='ltr'>G</span> <span class='ocrx_word' id='word_1_206' title='bbox 877 3354 904 3403; x_wconf 90' lang='lat' dir='ltr'>in</span> <span class='ocrx_word' id='word_1_207' title='bbox 929 3365 955 3404; x_wconf 92' lang='lat' dir='ltr'>n.</span> <span class='ocrx_word' id='word_1_208' title='bbox 969 3351 1012 3415; x_wconf 58' lang='grc' dir='ltr'>θ’,</span> <span class='ocrx_word' id='word_1_209' title='bbox 1037 3352 1137 3417; x_wconf 91' lang='lat' dir='ltr'>quibus</span> <span class='ocrx_word' id='word_1_210' title='bbox 1161 3353 1231 3404; x_wconf 88' lang='lat' dir='ltr'>adde</span> <span class='ocrx_word' id='word_1_211' title='bbox 1255 3355 1389 3418; x_wconf 89' lang='lat' dir='ltr'>punctum</span> <span class='ocrx_word' id='word_1_212' title='bbox 1415 3353 1441 3403; x_wconf 91' lang='lat' dir='ltr'>in</span> <span class='ocrx_word' id='word_1_213' title='bbox 1460 3365 1488 3402; x_wconf 89' lang='lat' dir='ltr'>n.</span> <span class='ocrx_word' id='word_1_214' title='bbox 1503 3349 1536 3400; x_wconf 71' lang='lat'>6*</span> <span class='ocrx_word' id='word_1_215' title='bbox 1553 3355 1674 3403; x_wconf 84' lang='lat' dir='ltr'>extrema</span> <span class='ocrx_word' id='word_1_216' title='bbox 1695 3357 1771 3418; x_wconf 89' lang='lat' dir='ltr'>parte</span> 
     </span>
     <span class='ocr_line' id='line_1_19' title="bbox 426 3437 1769 3504; baseline -0.002 -13"><span class='ocrx_word' id='word_1_217' title='bbox 426 3440 542 3492; x_wconf 83' lang='lat' dir='ltr'>adversa</span> <span class='ocrx_word' id='word_1_218' title='bbox 559 3441 687 3504; x_wconf 89' lang='lat' dir='ltr'>positum.</span> <span class='ocrx_word' id='word_1_219' title='bbox 708 3463 739 3475; x_wconf 96' lang='lat'>-</span> <span class='ocrx_word' id='word_1_220' title='bbox 758 3438 809 3490; x_wconf 90' lang='lat' dir='ltr'>Sed</span> <span class='ocrx_word' id='word_1_221' title='bbox 828 3438 966 3489; x_wconf 89' lang='lat' dir='ltr'>accedunt</span> <span class='ocrx_word' id='word_1_222' title='bbox 983 3439 1036 3489; x_wconf 91' lang='lat' dir='ltr'>alia</span> <span class='ocrx_word' id='word_1_223' title='bbox 1054 3439 1169 3499; x_wconf 91' lang='lat' dir='ltr'>indicia,</span> <span class='ocrx_word' id='word_1_224' title='bbox 1195 3452 1265 3504; x_wconf 90' lang='lat' dir='ltr'>quae</span> <span class='ocrx_word' id='word_1_225' title='bbox 1285 3438 1383 3489; x_wconf 91' lang='lat' dir='ltr'>malam</span> <span class='ocrx_word' id='word_1_226' title='bbox 1402 3437 1483 3489; x_wconf 90' lang='lat' dir='ltr'>iidem</span> <span class='ocrx_word' id='word_1_227' title='bbox 1501 3449 1615 3503; x_wconf 89' lang='lat' dir='ltr'>prorsus</span> <span class='ocrx_word' id='word_1_228' title='bbox 1632 3441 1769 3490; x_wconf 88' lang='lat' dir='ltr'>evincant.</span> 
     </span>
     <span class='ocr_line' id='line_1_20' title="bbox 429 3520 1774 3588; baseline -0.003 -11"><span class='ocrx_word' id='word_1_229' title='bbox 429 3526 576 3577; x_wconf 88' lang='lat' dir='ltr'>Glandium</span> <span class='ocrx_word' id='word_1_230' title='bbox 594 3538 619 3573; x_wconf 91' lang='lat' dir='ltr'>n.</span> <span class='ocrx_word' id='word_1_231' title='bbox 637 3520 678 3574; x_wconf 62' lang='lat'>4³⁹,</span> <span class='ocrx_word' id='word_1_232' title='bbox 691 3523 733 3575; x_wconf 60' lang='grc' dir='ltr'>τ’.</span> <span class='ocrx_word' id='word_1_233' title='bbox 748 3522 788 3574; x_wconf 72' lang='lat'>9⁸.</span> <span class='ocrx_word' id='word_1_234' title='bbox 805 3521 865 3576; x_wconf 59' lang='lat' dir='ltr'>toli.</span> <span class='ocrx_word' id='word_1_235' title='bbox 882 3521 941 3574; x_wconf 61' lang='lat' dir='ltr'>litii.</span> <span class='ocrx_word' id='word_1_236' title='bbox 957 3523 1007 3574; x_wconf 80' lang='lat' dir='ltr'>ta*</span> <span class='ocrx_word' id='word_1_237' title='bbox 1020 3525 1162 3588; x_wconf 89' lang='lat' dir='ltr'>plumbum</span> <span class='ocrx_word' id='word_1_238' title='bbox 1176 3523 1291 3574; x_wconf 84' lang='lat' dir='ltr'>informe</span> <span class='ocrx_word' id='word_1_239' title='bbox 1310 3525 1352 3574; x_wconf 86' lang='lat' dir='ltr'>est</span> <span class='ocrx_word' id='word_1_240' title='bbox 1370 3524 1441 3573; x_wconf 88' lang='lat' dir='ltr'>sicut</span> <span class='ocrx_word' id='word_1_241' title='bbox 1455 3525 1481 3572; x_wconf 87' lang='lat' dir='ltr'>in</span> <span class='ocrx_word' id='word_1_242' title='bbox 1501 3524 1626 3588; x_wconf 89' lang='lat' dir='ltr'>genuinis</span> <span class='ocrx_word' id='word_1_243' title='bbox 1644 3523 1774 3574; x_wconf 87' lang='lat' dir='ltr'>mutilatis</span> 
     </span>
     <span class='ocr_line' id='line_1_21' title="bbox 428 3604 1772 3676; baseline -0.002 -13"><span class='ocrx_word' id='word_1_244' title='bbox 428 3615 455 3663; x_wconf 93' lang='lat' dir='ltr'>et</span> <span class='ocrx_word' id='word_1_245' title='bbox 468 3615 560 3662; x_wconf 89' lang='lat' dir='ltr'>tamen</span> <span class='ocrx_word' id='word_1_246' title='bbox 572 3612 712 3676; x_wconf 89' lang='lat' dir='ltr'>inscriptio</span> <span class='ocrx_word' id='word_1_247' title='bbox 726 3612 828 3674; x_wconf 88' lang='lat' dir='ltr'>integra</span> <span class='ocrx_word' id='word_1_248' title='bbox 841 3613 943 3670; x_wconf 73' lang='lat' dir='ltr'>exstat,</span> <span class='ocrx_word' id='word_1_249' title='bbox 964 3613 1057 3661; x_wconf 89' lang='lat' dir='ltr'>contra</span> <span class='ocrx_word' id='word_1_250' title='bbox 1071 3611 1168 3661; x_wconf 90' lang='lat' dir='ltr'>harum</span> <span class='ocrx_word' id='word_1_251' title='bbox 1188 3623 1213 3660; x_wconf 93' lang='lat' dir='ltr'>n.</span> <span class='ocrx_word' id='word_1_252' title='bbox 1226 3605 1267 3660; x_wconf 60' lang='grc' dir='ltr'>θ’.</span> <span class='ocrx_word' id='word_1_253' title='bbox 1288 3607 1332 3661; x_wconf 80' lang='lat' dir='ltr'>t*.</span> <span class='ocrx_word' id='word_1_254' title='bbox 1354 3604 1403 3658; x_wconf 79' lang='lat' dir='ltr'>lt*</span> <span class='ocrx_word' id='word_1_255' title='bbox 1420 3607 1564 3674; x_wconf 89' lang='lat' dir='ltr'>plumbum</span> <span class='ocrx_word' id='word_1_256' title='bbox 1583 3621 1648 3658; x_wconf 91' lang='lat' dir='ltr'>cum</span> <span class='ocrx_word' id='word_1_257' title='bbox 1666 3609 1772 3672; x_wconf 89' lang='lat' dir='ltr'>glandis</span> 
     </span>
     <span class='ocr_line' id='line_1_22' title="bbox 428 3695 1771 3761; baseline -0.002 -12"><span class='ocrx_word' id='word_1_258' title='bbox 428 3699 544 3749; x_wconf 92' lang='lat' dir='ltr'>iormam</span> <span class='ocrx_word' id='word_1_259' title='bbox 563 3699 589 3747; x_wconf 91' lang='lat' dir='ltr'>et</span> <span class='ocrx_word' id='word_1_260' title='bbox 607 3699 795 3760; x_wconf 83' lang='lat' dir='ltr'>symmetriam</span> <span class='ocrx_word' id='word_1_261' title='bbox 819 3697 927 3761; x_wconf 90' lang='lat' dir='ltr'>plenam</span> <span class='ocrx_word' id='word_1_262' title='bbox 952 3695 1093 3759; x_wconf 82' lang='lat' dir='ltr'>exhibeat,</span> <span class='ocrx_word' id='word_1_263' title='bbox 1121 3697 1261 3761; x_wconf 87' lang='lat' dir='ltr'>inscriptio</span> <span class='ocrx_word' id='word_1_264' title='bbox 1280 3709 1377 3747; x_wconf 88' lang='lat' dir='ltr'>manca</span> <span class='ocrx_word' id='word_1_265' title='bbox 1395 3698 1445 3746; x_wconf 90' lang='lat' dir='ltr'>est.</span> <span class='ocrx_word' id='word_1_266' title='bbox 1482 3695 1605 3755; x_wconf 88' lang='lat' dir='ltr'>Quorum</span> <span class='ocrx_word' id='word_1_267' title='bbox 1623 3698 1771 3758; x_wconf 88' lang='lat' dir='ltr'>utrumque</span> 
     </span>
     <span class='ocr_line' id='line_1_23' title="bbox 429 3780 1772 3848; baseline -0.002 -14"><span class='ocrx_word' id='word_1_268' title='bbox 429 3786 456 3834; x_wconf 92' lang='lat' dir='ltr'>in</span> <span class='ocrx_word' id='word_1_269' title='bbox 474 3785 591 3847; x_wconf 88' lang='lat' dir='ltr'>genuina</span> <span class='ocrx_word' id='word_1_270' title='bbox 609 3780 706 3846; x_wconf 87' lang='lat' dir='ltr'>glande</span> <span class='ocrx_word' id='word_1_271' title='bbox 724 3780 823 3834; x_wconf 91' lang='lat' dir='ltr'>lactum</span> <span class='ocrx_word' id='word_1_272' title='bbox 843 3786 884 3834; x_wconf 89' lang='lat' dir='ltr'>est</span> <span class='ocrx_word' id='word_1_273' title='bbox 902 3782 990 3845; x_wconf 91' lang='lat' dir='ltr'>nulla,</span> <span class='ocrx_word' id='word_1_274' title='bbox 1018 3784 1045 3832; x_wconf 93' lang='lat' dir='ltr'>in</span> <span class='ocrx_word' id='word_1_275' title='bbox 1064 3784 1164 3848; x_wconf 90' lang='lat' dir='ltr'>spuriis</span> <span class='ocrx_word' id='word_1_276' title='bbox 1182 3785 1273 3833; x_wconf 90' lang='lat' dir='ltr'>autem</span> <span class='ocrx_word' id='word_1_277' title='bbox 1292 3781 1372 3833; x_wconf 83' lang='lat' dir='ltr'>facile</span> <span class='ocrx_word' id='word_1_278' title='bbox 1389 3780 1548 3846; x_wconf 81' lang='lat' dir='ltr'>explicatur.</span> <span class='ocrx_word' id='word_1_279' title='bbox 1586 3781 1681 3845; x_wconf 76' lang='lat' dir='ltr'>Atqui,</span> <span class='ocrx_word' id='word_1_280' title='bbox 1708 3794 1772 3831; x_wconf 90' lang='lat' dir='ltr'>cum</span> 
     </span>
     <span class='ocr_line' id='line_1_24' title="bbox 428 3866 1773 3934; baseline 0 -15"><span class='ocrx_word' id='word_1_281' title='bbox 428 3870 495 3921; x_wconf 90' lang='lat' dir='ltr'>haec</span> <span class='ocrx_word' id='word_1_282' title='bbox 513 3871 598 3920; x_wconf 91' lang='lat' dir='ltr'>series</span> <span class='ocrx_word' id='word_1_283' title='bbox 615 3882 696 3919; x_wconf 87' lang='lat' dir='ltr'>unam</span> <span class='ocrx_word' id='word_1_284' title='bbox 715 3871 796 3933; x_wconf 89' lang='lat' dir='ltr'>atque</span> <span class='ocrx_word' id='word_1_285' title='bbox 814 3868 929 3920; x_wconf 88' lang='lat' dir='ltr'>eandem</span> <span class='ocrx_word' id='word_1_286' title='bbox 947 3868 1085 3920; x_wconf 86' lang='lat' dir='ltr'>cilicinam</span> <span class='ocrx_word' id='word_1_287' title='bbox 1103 3869 1246 3921; x_wconf 81' lang='lat' dir='ltr'>manifeste</span> <span class='ocrx_word' id='word_1_288' title='bbox 1263 3869 1369 3934; x_wconf 84' lang='lat' dir='ltr'>prodat,</span> <span class='ocrx_word' id='word_1_289' title='bbox 1390 3868 1431 3919; x_wconf 87' lang='lat' dir='ltr'>vel</span> <span class='ocrx_word' id='word_1_290' title='bbox 1444 3868 1479 3917; x_wconf 92' lang='lat' dir='ltr'>ob</span> <span class='ocrx_word' id='word_1_291' title='bbox 1498 3867 1551 3917; x_wconf 92' lang='lat' dir='ltr'>boc</span> <span class='ocrx_word' id='word_1_292' title='bbox 1562 3866 1651 3917; x_wconf 90' lang='lat' dir='ltr'>solum</span> <span class='ocrx_word' id='word_1_293' title='bbox 1666 3870 1773 3919; x_wconf 88' lang='lat' dir='ltr'>ceterae</span> 
     </span>
     <span class='ocr_line' id='line_1_25' title="bbox 429 3952 1773 4020; baseline -0.001 -15"><span class='ocrx_word' id='word_1_294' title='bbox 429 3968 537 4020; x_wconf 90' lang='lat' dir='ltr'>quoque</span> <span class='ocrx_word' id='word_1_295' title='bbox 556 3967 611 4004; x_wconf 92' lang='lat' dir='ltr'>non</span> <span class='ocrx_word' id='word_1_296' title='bbox 624 3955 715 4004; x_wconf 90' lang='lat' dir='ltr'>minus</span> <span class='ocrx_word' id='word_1_297' title='bbox 727 3968 807 4019; x_wconf 89' lang='lat' dir='ltr'>quam</span> <span class='ocrx_word' id='word_1_298' title='bbox 826 3967 925 4004; x_wconf 90' lang='lat' dir='ltr'>novem</span> <span class='ocrx_word' id='word_1_299' title='bbox 945 3955 1007 4006; x_wconf 87' lang='lat' dir='ltr'>illae</span> <span class='ocrx_word' id='word_1_300' title='bbox 1025 3955 1249 4007; x_wconf 88' lang='lat' dir='ltr'>condemnandae</span> <span class='ocrx_word' id='word_1_301' title='bbox 1268 3957 1340 4006; x_wconf 90' lang='lat' dir='ltr'>sunt.</span> <span class='ocrx_word' id='word_1_302' title='bbox 1353 3982 1388 3992; x_wconf 96' lang='lat'>-</span> <span class='ocrx_word' id='word_1_303' title='bbox 1400 3953 1504 4004; x_wconf 86' lang='lat' dir='ltr'>Deinde</span> <span class='ocrx_word' id='word_1_304' title='bbox 1516 3952 1552 4003; x_wconf 90' lang='lat' dir='ltr'>ad</span> <span class='ocrx_word' id='word_1_305' title='bbox 1564 3953 1773 4018; x_wconf 87' lang='lat' dir='ltr'>inscriptionum</span> 
     </span>
     <span class='ocr_line' id='line_1_26' title="bbox 429 4039 1774 4105; baseline -0.001 -14"><span class='ocrx_word' id='word_1_306' title='bbox 429 4041 549 4104; x_wconf 90' lang='lat' dir='ltr'>ipsarum</span> <span class='ocrx_word' id='word_1_307' title='bbox 569 4039 689 4091; x_wconf 91' lang='lat' dir='ltr'>indolem</span> <span class='ocrx_word' id='word_1_308' title='bbox 701 4040 909 4091; x_wconf 77' lang='lat' dir='ltr'>examinandam</span> <span class='ocrx_word' id='word_1_309' title='bbox 929 4054 1089 4105; x_wconf 88' lang='lat' dir='ltr'>progressus</span> <span class='ocrx_word' id='word_1_310' title='bbox 1107 4055 1177 4092; x_wconf 91' lang='lat' dir='ltr'>sum.</span> <span class='ocrx_word' id='word_1_311' title='bbox 1220 4041 1325 4101; x_wconf 82' lang='lat' dir='ltr'>Quibus</span> <span class='ocrx_word' id='word_1_312' title='bbox 1342 4041 1500 4104; x_wconf 91' lang='lat' dir='ltr'>compositis</span> <span class='ocrx_word' id='word_1_313' title='bbox 1518 4040 1544 4088; x_wconf 91' lang='lat' dir='ltr'>et</span> <span class='ocrx_word' id='word_1_314' title='bbox 1562 4039 1632 4088; x_wconf 91' lang='lat' dir='ltr'>inter</span> <span class='ocrx_word' id='word_1_315' title='bbox 1649 4051 1680 4090; x_wconf 90' lang='lat' dir='ltr'>sa</span> <span class='ocrx_word' id='word_1_316' title='bbox 1697 4053 1774 4090; x_wconf 92' lang='lat' dir='ltr'>com·</span> 
     </span>
     <span class='ocr_line' id='line_1_27' title="bbox 430 4121 1772 4192; baseline 0 -16"><span class='ocrx_word' id='word_1_317' title='bbox 430 4127 530 4192; x_wconf 89' lang='lat' dir='ltr'>paratis</span> <span class='ocrx_word' id='word_1_318' title='bbox 556 4125 675 4176; x_wconf 91' lang='lat' dir='ltr'>intellexi</span> <span class='ocrx_word' id='word_1_319' title='bbox 697 4139 751 4176; x_wconf 88' lang='lat' dir='ltr'>una</span> <span class='ocrx_word' id='word_1_320' title='bbox 775 4130 886 4188; x_wconf 86' lang='lat' dir='ltr'>excepta</span> <span class='ocrx_word' id='word_1_321' title='bbox 907 4140 933 4176; x_wconf 90' lang='lat' dir='ltr'>n.</span> <span class='ocrx_word' id='word_1_322' title='bbox 949 4125 981 4174; x_wconf 78' lang='lat'>2*</span> <span class='ocrx_word' id='word_1_323' title='bbox 1001 4127 1064 4186; x_wconf 81' lang='lat' dir='ltr'>liat,</span> <span class='ocrx_word' id='word_1_324' title='bbox 1091 4141 1162 4191; x_wconf 88' lang='lat' dir='ltr'>quae</span> <span class='ocrx_word' id='word_1_325' title='bbox 1186 4128 1244 4192; x_wconf 91' lang='lat' dir='ltr'>ipsa</span> <span class='ocrx_word' id='word_1_326' title='bbox 1273 4130 1364 4192; x_wconf 91' lang='lat' dir='ltr'>specie</span> <span class='ocrx_word' id='word_1_327' title='bbox 1387 4130 1499 4177; x_wconf 90' lang='lat' dir='ltr'>externa</span> <span class='ocrx_word' id='word_1_328' title='bbox 1522 4121 1647 4174; x_wconf 82' lang='lat' dir='ltr'>fraudem</span> <span class='ocrx_word' id='word_1_329' title='bbox 1671 4125 1772 4189; x_wconf 88' lang='lat' dir='ltr'>prodit,</span> 
     </span>
     <span class='ocr_line' id='line_1_28' title="bbox 429 4211 1776 4277; baseline 0 -15"><span class='ocrx_word' id='word_1_330' title='bbox 429 4213 532 4263; x_wconf 90' lang='lat' dir='ltr'>nullam</span> <span class='ocrx_word' id='word_1_331' title='bbox 551 4213 577 4261; x_wconf 93' lang='lat' dir='ltr'>in</span> <span class='ocrx_word' id='word_1_332' title='bbox 591 4213 707 4275; x_wconf 87' lang='lat' dir='ltr'>genuina</span> <span class='ocrx_word' id='word_1_333' title='bbox 724 4212 822 4276; x_wconf 85' lang='lat' dir='ltr'>glande</span> <span class='ocrx_word' id='word_1_334' title='bbox 841 4211 981 4277; x_wconf 90' lang='lat' dir='ltr'>hucusque</span> <span class='ocrx_word' id='word_1_335' title='bbox 1000 4211 1108 4276; x_wconf 89' lang='lat' dir='ltr'>lectam,</span> <span class='ocrx_word' id='word_1_336' title='bbox 1129 4213 1285 4277; x_wconf 90' lang='lat' dir='ltr'>complures</span> <span class='ocrx_word' id='word_1_337' title='bbox 1303 4217 1393 4264; x_wconf 90' lang='lat' dir='ltr'>autem</span> <span class='ocrx_word' id='word_1_338' title='bbox 1412 4213 1447 4262; x_wconf 89' lang='lat' dir='ltr'>ita</span> <span class='ocrx_word' id='word_1_339' title='bbox 1465 4213 1637 4274; x_wconf 86' lang='lat' dir='ltr'>comparatas</span> <span class='ocrx_word' id='word_1_340' title='bbox 1655 4223 1723 4273; x_wconf 90' lang='lat' dir='ltr'>esse,</span> <span class='ocrx_word' id='word_1_341' title='bbox 1744 4214 1776 4262; x_wconf 87' lang='lat' dir='ltr'>ut</span> 
     </span>
     <span class='ocr_line' id='line_1_29' title="bbox 430 4294 1774 4366; baseline -0.002 -17"><span class='ocrx_word' id='word_1_342' title='bbox 430 4312 478 4364; x_wconf 90' lang='lat' dir='ltr'>per</span> <span class='ocrx_word' id='word_1_343' title='bbox 491 4312 520 4350; x_wconf 90' lang='lat' dir='ltr'>se</span> <span class='ocrx_word' id='word_1_344' title='bbox 537 4311 672 4350; x_wconf 87' lang='lat' dir='ltr'>summam</span> <span class='ocrx_word' id='word_1_345' title='bbox 686 4299 868 4363; x_wconf 88' lang='lat' dir='ltr'>suspicionem</span> <span class='ocrx_word' id='word_1_346' title='bbox 882 4302 1022 4366; x_wconf 81' lang='lat' dir='ltr'>moverapt</span> <span class='ocrx_word' id='word_1_347' title='bbox 1034 4299 1077 4350; x_wconf 83' lang='lat' dir='ltr'>vel</span> <span class='ocrx_word' id='word_1_348' title='bbox 1095 4313 1208 4365; x_wconf 90' lang='lat' dir='ltr'>prorsus</span> <span class='ocrx_word' id='word_1_349' title='bbox 1223 4300 1395 4351; x_wconf 88' lang='lat' dir='ltr'>damnandae</span> <span class='ocrx_word' id='word_1_350' title='bbox 1413 4299 1512 4349; x_wconf 89' lang='lat' dir='ltr'>essent.</span> <span class='ocrx_word' id='word_1_351' title='bbox 1549 4294 1697 4346; x_wconf 85' lang='lat' dir='ltr'>Videamus</span> <span class='ocrx_word' id='word_1_352' title='bbox 1716 4296 1774 4346; x_wconf 89' lang='lat' dir='ltr'>sin·</span> 
     </span>
     <span class='ocr_line' id='line_1_30' title="bbox 430 4381 1774 4451; baseline -0.003 -17"><span class='ocrx_word' id='word_1_353' title='bbox 430 4384 516 4448; x_wconf 87' lang='lat' dir='ltr'>gulas.</span> <span class='ocrx_word' id='word_1_354' title='bbox 553 4383 632 4443; x_wconf 88' lang='lat' dir='ltr'>Quod</span> <span class='ocrx_word' id='word_1_355' title='bbox 651 4385 677 4434; x_wconf 91' lang='lat' dir='ltr'>in</span> <span class='ocrx_word' id='word_1_356' title='bbox 697 4399 724 4436; x_wconf 88' lang='lat' dir='ltr'>n.</span> <span class='ocrx_word' id='word_1_357' title='bbox 739 4383 790 4434; x_wconf 78' lang='lat' dir='ltr'>tt*</span> <span class='ocrx_word' id='word_1_358' title='bbox 808 4387 910 4448; x_wconf 86' lang='lat' dir='ltr'>exstat,</span> <span class='ocrx_word' id='word_1_359' title='bbox 936 4385 1002 4448; x_wconf 71' lang='lat' dir='ltr'>feri,</span> <span class='ocrx_word' id='word_1_360' title='bbox 1034 4385 1132 4449; x_wconf 89' lang='lat' dir='ltr'>legitur</span> <span class='ocrx_word' id='word_1_361' title='bbox 1152 4386 1264 4451; x_wconf 90' lang='lat' dir='ltr'>quidem</span> <span class='ocrx_word' id='word_1_362' title='bbox 1282 4388 1311 4436; x_wconf 93' lang='lat' dir='ltr'>in</span> <span class='ocrx_word' id='word_1_363' title='bbox 1335 4387 1460 4450; x_wconf 88' lang='lat' dir='ltr'>genuinis</span> <span class='ocrx_word' id='word_1_364' title='bbox 1484 4381 1591 4443; x_wconf 90' lang='lat' dir='ltr'>multis,</span> <span class='ocrx_word' id='word_1_365' title='bbox 1624 4394 1774 4446; x_wconf 85' lang='lat' dir='ltr'>numquam</span> 
     </span>
     <span class='ocr_line' id='line_1_31' title="bbox 430 4467 1774 4535; baseline -0.002 -14"><span class='ocrx_word' id='word_1_366' title='bbox 430 4472 520 4521; x_wconf 90' lang='lat' dir='ltr'>tamen</span> <span class='ocrx_word' id='word_1_367' title='bbox 540 4482 594 4518; x_wconf 92' lang='lat' dir='ltr'>non</span> <span class='ocrx_word' id='word_1_368' title='bbox 617 4469 710 4521; x_wconf 90' lang='lat' dir='ltr'>addito</span> <span class='ocrx_word' id='word_1_369' title='bbox 734 4471 892 4522; x_wconf 85' lang='lat' dir='ltr'>accusativo</span> <span class='ocrx_word' id='word_1_370' title='bbox 916 4471 974 4534; x_wconf 69' lang='lat' dir='ltr'>(l‘eaa&#39;</span> <span class='ocrx_word' id='word_1_371' title='bbox 992 4473 1142 4535; x_wconf 76' lang='lat' dir='ltr'>Pompeiam</span> <span class='ocrx_word' id='word_1_372' title='bbox 1160 4486 1187 4526; x_wconf 90' lang='lat' dir='ltr'>n.</span> <span class='ocrx_word' id='word_1_373' title='bbox 1203 4476 1231 4534; x_wconf 81' lang='lat' dir='ltr'>a,</span> <span class='ocrx_word' id='word_1_374' title='bbox 1256 4473 1308 4535; x_wconf 76' lang='lat' dir='ltr'>seri</span> <span class='ocrx_word' id='word_1_375' title='bbox 1326 4473 1380 4523; x_wconf 82' lang='lat' dir='ltr'>Pte.</span> <span class='ocrx_word' id='word_1_376' title='bbox 1402 4485 1429 4522; x_wconf 91' lang='lat' dir='ltr'>n.</span> <span class='ocrx_word' id='word_1_377' title='bbox 1446 4472 1499 4532; x_wconf 72' lang='lat' dir='ltr'>lt).</span> <span class='ocrx_word' id='word_1_378' title='bbox 1544 4467 1654 4519; x_wconf 86' lang='lat' dir='ltr'>Ceterae</span> <span class='ocrx_word' id='word_1_379' title='bbox 1678 4480 1774 4518; x_wconf 90' lang='lat' dir='ltr'>omnes</span> 
     </span>
     <span class='ocr_line' id='line_1_32' title="bbox 430 4552 1772 4625; baseline -0.001 -20"><span class='ocrx_word' id='word_1_380' title='bbox 430 4555 623 4619; x_wconf 87' lang='lat' dir='ltr'>inscriptiones</span> <span class='ocrx_word' id='word_1_381' title='bbox 640 4556 732 4606; x_wconf 88' lang='lat' dir='ltr'>adhuc</span> <span class='ocrx_word' id='word_1_382' title='bbox 751 4569 805 4606; x_wconf 91' lang='lat' dir='ltr'>non</span> <span class='ocrx_word' id='word_1_383' title='bbox 823 4560 947 4622; x_wconf 89' lang='lat' dir='ltr'>repertae</span> <span class='ocrx_word' id='word_1_384' title='bbox 968 4562 1032 4608; x_wconf 88' lang='lat' dir='ltr'>sunt</span> <span class='ocrx_word' id='word_1_385' title='bbox 1050 4559 1101 4608; x_wconf 85' lang='lat' dir='ltr'>nisi</span> <span class='ocrx_word' id='word_1_386' title='bbox 1127 4560 1153 4608; x_wconf 91' lang='lat' dir='ltr'>in</span> <span class='ocrx_word' id='word_1_387' title='bbox 1172 4560 1222 4625; x_wconf 70' lang='lat' dir='ltr'>his,</span> <span class='ocrx_word' id='word_1_388' title='bbox 1239 4557 1440 4624; x_wconf 88' lang='lat' dir='ltr'>exemplaribus</span> <span class='ocrx_word' id='word_1_389' title='bbox 1464 4552 1655 4619; x_wconf 85' lang='lat' dir='ltr'>singularibus.</span> <span class='ocrx_word' id='word_1_390' title='bbox 1698 4552 1772 4612; x_wconf 84' lang='lat' dir='ltr'>Qua-</span> 
     </span>
     <span class='ocr_line' id='line_1_33' title="bbox 432 4637 1773 4708; baseline 0.001 -19"><span class='ocrx_word' id='word_1_391' title='bbox 432 4653 494 4690; x_wconf 89' lang='lat' dir='ltr'>rum</span> <span class='ocrx_word' id='word_1_392' title='bbox 505 4641 594 4705; x_wconf 89' lang='lat' dir='ltr'>prima</span> <span class='ocrx_word' id='word_1_393' title='bbox 613 4652 639 4688; x_wconf 92' lang='lat' dir='ltr'>n.</span> <span class='ocrx_word' id='word_1_394' title='bbox 654 4637 686 4689; x_wconf 79' lang='lat' dir='ltr'>t*</span> <span class='ocrx_word' id='word_1_395' title='bbox 706 4641 787 4691; x_wconf 72' lang='lat' dir='ltr'>ilonea</span> <span class='ocrx_word' id='word_1_396' title='bbox 805 4643 918 4705; x_wconf 90' lang='lat' dir='ltr'>repetita</span> <span class='ocrx_word' id='word_1_397' title='bbox 935 4645 977 4693; x_wconf 90' lang='lat' dir='ltr'>est</span> <span class='ocrx_word' id='word_1_398' title='bbox 989 4656 1021 4693; x_wconf 93' lang='lat' dir='ltr'>cx</span> <span class='ocrx_word' id='word_1_399' title='bbox 1035 4640 1101 4694; x_wconf 87' lang='lat' dir='ltr'>ialsa</span> <span class='ocrx_word' id='word_1_400' title='bbox 1115 4643 1229 4694; x_wconf 87' lang='lat' dir='ltr'>lectione</span> <span class='ocrx_word' id='word_1_401' title='bbox 1242 4643 1346 4708; x_wconf 87' lang='lat' dir='ltr'>glandis</span> <span class='ocrx_word' id='word_1_402' title='bbox 1361 4643 1510 4694; x_wconf 71' lang='lat' dir='ltr'>Asculacae</span> <span class='ocrx_word' id='word_1_403' title='bbox 1520 4653 1569 4706; x_wconf 91' lang='lat' dir='ltr'>pro</span> <span class='ocrx_word' id='word_1_404' title='bbox 1593 4651 1673 4695; x_wconf 73' lang='lat' dir='ltr'>tollar</span> <span class='ocrx_word' id='word_1_405' title='bbox 1703 4642 1773 4705; x_wconf 81' lang='lat' dir='ltr'>(vide</span> 
     </span>
     <span class='ocr_line' id='line_1_34' title="bbox 429 4725 1250 4795; baseline 0.004 -19"><span class='ocrx_word' id='word_1_406' title='bbox 429 4726 464 4776; x_wconf 89' lang='lat' dir='ltr'>ad</span> <span class='ocrx_word' id='word_1_407' title='bbox 482 4740 510 4778; x_wconf 93' lang='lat' dir='ltr'>n.</span> <span class='ocrx_word' id='word_1_408' title='bbox 526 4730 540 4776; x_wconf 85' lang='grc'>9</span> <span class='ocrx_word' id='word_1_409' title='bbox 559 4740 585 4792; x_wconf 89' lang='lat' dir='ltr'>p.</span> <span class='ocrx_word' id='word_1_410' title='bbox 601 4726 655 4788; x_wconf 58' lang='grc' dir='ltr'>εἰ).</span> <span class='ocrx_word' id='word_1_411' title='bbox 692 4725 754 4778; x_wconf 83' lang='grc' dir='ltr'>Νοιι</span> <span class='ocrx_word' id='word_1_412' title='bbox 773 4727 895 4778; x_wconf 84' lang='lat' dir='ltr'>melioris</span> <span class='ocrx_word' id='word_1_413' title='bbox 913 4726 983 4792; x_wconf 87' lang='lat' dir='ltr'>trugi</span> <span class='ocrx_word' id='word_1_414' title='bbox 1001 4731 1042 4780; x_wconf 87' lang='lat' dir='ltr'>ast</span> <span class='ocrx_word' id='word_1_415' title='bbox 1058 4730 1153 4795; x_wconf 90' lang='lat' dir='ltr'>heptas</span> <span class='ocrx_word' id='word_1_416' title='bbox 1171 4730 1250 4782; x_wconf 88' lang='lat' dir='ltr'>haec:</span> 
     </span>
    </p>
   </div>
   <div class='ocr_carea' id='block_1_3' title="bbox 585 4828 1144 5409">
    <p class='ocr_par' dir='ltr' id='par_1_3' title="bbox 585 4828 903 4893">
     <span class='ocr_line' id='line_1_35' title="bbox 585 4828 903 4893; baseline 0.003 -14"><span class='ocrx_word' id='word_1_417' title='bbox 585 4828 674 4893; x_wconf 59' lang='lat' dir='ltr'>tegio)</span> <span class='ocrx_word' id='word_1_418' title='bbox 694 4829 722 4878; x_wconf 87' lang='lat'>11</span> <span class='ocrx_word' id='word_1_419' title='bbox 737 4830 851 4891; x_wconf 84' lang='lat' dir='ltr'>ltol(tco)</span> <span class='ocrx_word' id='word_1_420' title='bbox 871 4829 903 4879; x_wconf 80' lang='lat' dir='ltr'>t*</span> 
     </span>
    </p>

    <p class='ocr_par' dir='ltr' id='par_1_4' title="bbox 585 4913 900 4978">
     <span class='ocr_line' id='line_1_36' title="bbox 585 4913 900 4978; baseline 0.006 -14"><span class='ocrx_word' id='word_1_421' title='bbox 585 4915 673 4978; x_wconf 58' lang='lat' dir='ltr'>impio)</span> <span class='ocrx_word' id='word_1_422' title='bbox 692 4916 720 4965; x_wconf 88' lang='lat'>11</span> <span class='ocrx_word' id='word_1_423' title='bbox 735 4916 848 4977; x_wconf 58' lang='lat' dir='ltr'>lemica)</span> <span class='ocrx_word' id='word_1_424' title='bbox 867 4913 900 4965; x_wconf 84' lang='lat' dir='ltr'>t*</span> 
     </span>
    </p>

    <p class='ocr_par' dir='ltr' id='par_1_5' title="bbox 585 5000 1144 5151">
     <span class='ocr_line' id='line_1_37' title="bbox 585 5000 1144 5066; baseline 0.004 -16"><span class='ocrx_word' id='word_1_425' title='bbox 585 5000 651 5064; x_wconf 78' lang='lat' dir='ltr'>tegio</span> <span class='ocrx_word' id='word_1_426' title='bbox 673 5001 695 5051; x_wconf 85' lang='lat' dir='ltr'><em>V</em></span> <span class='ocrx_word' id='word_1_427' title='bbox 710 5001 901 5064; x_wconf 64' lang='lat' dir='ltr'>tuocectnnicc)</span> <span class='ocrx_word' id='word_1_428' title='bbox 917 5005 987 5066; x_wconf 69' lang='lat' dir='ltr'>plia)</span> <span class='ocrx_word' id='word_1_429' title='bbox 1003 5003 1093 5066; x_wconf 62' lang='lat' dir='ltr'>fetata)</span> <span class='ocrx_word' id='word_1_430' title='bbox 1113 5003 1144 5052; x_wconf 84' lang='lat' dir='ltr'>ti*</span> 
     </span>
     <span class='ocr_line' id='line_1_38' title="bbox 586 5087 923 5151; baseline 0.006 -14"><span class='ocrx_word' id='word_1_431' title='bbox 586 5087 672 5151; x_wconf 69' lang='lat' dir='ltr'>legp&#39;o)</span> <span class='ocrx_word' id='word_1_432' title='bbox 698 5088 729 5137; x_wconf 89' lang='lat' dir='ltr'>Vl</span> <span class='ocrx_word' id='word_1_433' title='bbox 744 5088 870 5150; x_wconf 61' lang='lat' dir='ltr'>narrato)</span> <span class='ocrx_word' id='word_1_434' title='bbox 890 5087 923 5138; x_wconf 79' lang='lat'>9*</span> 
     </span>
    </p>

    <p class='ocr_par' dir='ltr' id='par_1_6' title="bbox 585 5172 993 5236">
     <span class='ocr_line' id='line_1_39' title="bbox 585 5172 993 5236; baseline 0 -14"><span class='ocrx_word' id='word_1_435' title='bbox 585 5172 673 5236; x_wconf 70' lang='lat' dir='ltr'>tlepio)</span> <span class='ocrx_word' id='word_1_436' title='bbox 694 5173 748 5223; x_wconf 83' lang='lat' dir='ltr'>xli</span> <span class='ocrx_word' id='word_1_437' title='bbox 760 5174 924 5236; x_wconf 61' lang='lat' dir='ltr'>fulminato)</span> <span class='ocrx_word' id='word_1_438' title='bbox 945 5174 993 5224; x_wconf 78' lang='lat' dir='ltr'>tlt*</span> 
     </span>
    </p>

    <p class='ocr_par' dir='ltr' id='par_1_7' title="bbox 587 5259 967 5324">
     <span class='ocr_line' id='line_1_40' title="bbox 587 5259 967 5324; baseline 0.005 -16"><span class='ocrx_word' id='word_1_439' title='bbox 587 5259 675 5322; x_wconf 59' lang='lat' dir='ltr'>inpio)</span> <span class='ocrx_word' id='word_1_440' title='bbox 696 5259 784 5311; x_wconf 84' lang='lat' dir='ltr'><em>XVIII</em></span> <span class='ocrx_word' id='word_1_441' title='bbox 796 5263 897 5324; x_wconf 71' lang='lat' dir='ltr'>ttrlmo)</span> <span class='ocrx_word' id='word_1_442' title='bbox 918 5259 967 5310; x_wconf 77' lang='lat' dir='ltr'>ll*</span> 
     </span>
    </p>

    <p class='ocr_par' dir='ltr' id='par_1_8' title="bbox 586 5344 1096 5409">
     <span class='ocr_line' id='line_1_41' title="bbox 586 5344 1096 5409; baseline 0.004 -15"><span class='ocrx_word' id='word_1_443' title='bbox 586 5344 676 5408; x_wconf 69' lang='lat' dir='ltr'>llepto)</span> <span class='ocrx_word' id='word_1_444' title='bbox 697 5345 774 5396; x_wconf 91' lang='lat' dir='ltr'>XXX</span> <span class='ocrx_word' id='word_1_445' title='bbox 796 5348 889 5409; x_wconf 74' lang='lat' dir='ltr'>Vapio)</span> <span class='ocrx_word' id='word_1_446' title='bbox 908 5349 1028 5408; x_wconf 57' lang='lat' dir='ltr'>uictrici</span> <span class='ocrx_word' id='word_1_447' title='bbox 1051 5347 1096 5396; x_wconf 69' lang='lat' dir='ltr'>ta*</span> 
     </span>
    </p>
   </div>
   <div class='ocr_carea' id='block_1_4' title="bbox 0 0 1968 6240">
    <p class='ocr_par' dir='ltr' id='par_1_9' title="bbox 0 0 1968 6240">
     <span class='ocr_line' id='line_1_42' title="bbox 0 0 1968 6240; baseline 0 0"><span class='ocrx_word' id='word_1_448' title='bbox 0 0 1968 6240; x_wconf 95' lang='lat' dir='ltr'> </span> 
     </span>
    </p>
   </div>
  </div>
 </body>
</html>
