3922 6240
432 576 480 648 90
939 588 1095 638 6646666
1115 587 1269 639 savaria.

432 777 565 840 runtvetl,
589 791 678 843 neque
697 781 780 828 totam
800 778 869 827 banc
887 775 1014 828 falsarum
1033 779 1151 842 speciem
1174 779 1352 840 agnoverunt,
1371 775 1399 826 id
1419 778 1490 828 enim
1510 776 1569 828 fleri
1588 791 1642 829 non
1660 781 1782 845 potuisse

431 868 646 916 consentaneum
665 867 706 914 est
723 865 775 914 nisi
801 865 867 928 ipsis
886 862 1032 928 glandibus
1056 865 1216 914 examinatis
1235 867 1262 914 et
1279 863 1313 914 ad
1333 865 1449 927 genuina
1468 863 1634 928 exemplaria
1652 869 1780 917 accurate

431 953 540 1003 exactis.
580 951 633 1000 Sed
652 949 715 1000 inde
734 951 787 1000 hoc
807 947 907 1000 iactum
927 953 976 1013 est,
997 953 1029 1000 ut
1047 949 1190 1013 hucusque
1203 963 1299 1000 omnes
1317 949 1368 1000 bae
1382 949 1503 1012 glandes,
1523 951 1604 1000 etiam
1624 951 1781 1015 suspicione

431 1036 476 1088 illa
496 1037 627 1102 seposita,
655 1049 704 1101 pro
723 1037 849 1098 genuinis
868 1035 948 1100 vulgo
971 1035 1140 1086 haberentur
1158 1036 1358 1100 ederenturque
1376 1048 1430 1084 non
1449 1035 1537 1085 solum
1556 1033 1590 1085 ab
1609 1037 1656 1097 iis,
1681 1039 1727 1100 qui
1747 1050 1781 1088 ex

432 1124 542 1173 Minicio
571 1126 725 1186 repeterent
743 1124 785 1173 vel
810 1126 884 1173 certe
908 1135 960 1171 non
987 1122 1120 1172 vidissent
1146 1121 1315 1184 (Ritscbelio,
1343 1119 1492 1181 Fabrettio,
1519 1120 1660 1184 Fiorelliol,
1686 1135 1784 1173 verum

432 1211 514 1260 etiarn
527 1208 562 1259 ab
576 1209 617 1270 iis,
639 1209 686 1272 qui
705 1209 777 1273 ipsas
795 1211 920 1268 tractare,
941 1209 1107 1268 examinare,
1128 1220 1192 1258 cum
1205 1207 1321 1258 sinceris
1334 1207 1421 1257 musei
1439 1207 1606 1258 liircberiani
1620 1219 1780 1272 comparare

432 1298 552 1359 possent,
572 1295 590 1345 i.
606 1308 630 1345 e.
646 1295 792 1345 Garruccio
811 1297 837 1344 et
855 1294 998 1357 ltuggiero.

501 1383 587 1445 Atque
600 1381 622 1430 is
635 1380 746 1445 quidem
760 1393 836 1431 error
848 1380 913 1431 huic
925 1380 1077 1432 studiorum
1090 1380 1182 1443 generi
1195 1392 1333 1430 summum
1352 1379 1546 1430 detrimentum
1560 1378 1658 1440 intulit,
1678 1381 1779 1444 quippe

433 1481 487 1532 quo
506 1469 653 1533 praecipue
678 1466 803 1517 effectum
822 1467 866 1529 sit,
892 1468 922 1516 ut
941 1466 1166 1517 Vincenzinianae
1188 1463 1314 1526 fraudes,
1337 1465 1456 1530 primum
1482 1465 1508 1514 46
1533 1477 1628 1515 musea
1652 1477 1711 1514 sese
1738 1467 1781 1514 in·

431 1555 584 1613 sinuantes,
613 1567 677 1603 mox
694 1555 721 1602 in
741 1551 909 1603 editionibus
926 1565 1035 1617 quoque
1053 1552 1233 1615 genuinarum
1256 1553 1396 1615 receptae,
1423 1552 1477 1600 tam
1496 1549 1544 1600 diu
1562 1553 1604 1600 tot
1620 1549 1780 1602 bominibus

433 1638 522 1688 doctis
540 1640 680 1702 imponere
699 1640 819 1703 possent.
857 1636 993 1688 falsarius
1017 1637 1090 1688 enim
1112 1649 1175 1688 cum
1199 1638 1295 1702 primis
1319 1637 1398 1686 annis
1422 1637 1613 1700 inscriptiones
1635 1649 1650 1687 a
1669 1635 1779 1687 Minicio

431 1723 526 1788 editas:
543 1722 598 1775 iere
616 1725 688 1776 solas
713 1725 740 1774 in
759 1725 817 1775 suia
835 1722 980 1788 glandibus
998 1725 1147 1788 repeteret,
1167 1723 1397 1773 Vincenzinianae
1414 1721 1450 1772 ob
1469 1735 1530 1772 6666
1549 1723 1635 1786 ipsam
1655 1734 1777 1784 causam,

432 1810 505 1873 quod
531 1811 693 1861 Minicianae
715 1809 798 1874 vulgo
823 1812 948 1875 receptae
972 1812 1000 1859 et
1022 1807 1151 1874 probatae
1179 1811 1279 1869 essent,
1308 1807 1442 1872 genuinae
1469 1820 1528 1858 esse
1547 1806 1780 1860 existimabantur.

432 1895 550 1946 l'lterius
567 1895 636 1946 adeo
658 1909 820 1960 progressus
838 1896 983 1960 4466646466,
1010 1895 1075 1946 dum
1095 1893 1323 1946 Vincenzinianas
1340 1893 1505 1957 Desierdinii
1523 1893 1636 1957 quidem
1658 1893 1779 1956 damnat,

432 1984 459 2030 64
483 1994 547 2031 anas
572 1994 625 2032 non
651 1985 742 2032 minus
765 1981 991 2032 Vincenzinianas
1018 1982 1113 2031 censet
1137 1993 1196 2031 esse
1224 1982 1362 2043 sinceras,
1390 1977 1613 2042 Mommsenumt)
1644 1980 1778 2043 quasdam

432 2067 545 2128 glandes
562 2081 705 2133 perperam
724 2068 751 2116 in
771 2069 954 2133 suspicionem
974 2080 1088 2118 vocasse
1106 2067 1247 2117 contendit
1265 2065 1399 2117 eiusmodi
1424 2078 1567 2116 censuram
1586 2079 1640 2116 non
1662 2067 1721 2117 sine
1740 2068 1780 2118 ira

431 2154 589 2217 vituperans
617 2152 725 2216 (annali.
745 2153 830 2204 liban.
849 2157 896 2214 66,
919 2156 1000 2212 4676,
1025 2167 1052 2218 p.
1071 2156 1086 2202 4
1105 2165 1164 2217 sqq.
1183 2173 1215 2196 =
1236 2152 1509 2217 &Mnedergesctoarc
1528 2155 1594 2202 4876
1613 2165 1639 2216 p.
1654 2155 1685 2202 ta
1698 2155 1779 2217 sqq.);

432 2240 460 2287 46
484 2252 538 2302 qua
562 2252 592 2289 re
617 2241 723 2303 egregie
743 2240 885 2303 Bergidum
910 2239 1021 2304 quidem
1047 2238 1144 2290 laisum
1170 2251 1230 2290 esse
1255 2254 1288 2290 ex
1312 2241 1359 2300 iis,
1385 2252 1456 2302 quae
1480 2253 1562 2304 supra
1581 2237 1776 2301 demonstravi,

432 2327 559 2390 apparet;
587 2338 650 2376 nam
675 2328 779 2375 tantum
803 2324 894 2386 abest,
922 2330 951 2375 ut
974 2327 1059 2376 nimia
1082 2323 1163 2375 luerit
1183 2327 1344 2376 Mommseni
1370 2337 1501 2385 censura,
1529 2327 1559 2374 ut
1582 2324 1665 2374 etiarn
1688 2323 1781 2389 plures

433 2410 601 2462 damnandas
628 2424 688 2462 esse
711 2413 850 2475 totamque
873 2411 945 2462 banc
968 2413 1069 2462 seriem
1095 2408 1204 2461 falsario
1230 2410 1325 2462 deberi
1353 2413 1407 2460 lam
1435 2411 1551 2460 constet.
1595 2408 1662 2460 lnde
1689 2412 1781 2460 autem

432 2497 564 2560 sequitur,
585 2510 654 2561 quae
674 2509 717 2548 ras
736 2498 847 2547 maximi
865 2499 908 2548 eat
925 2497 1073 2559 momenti,
1093 2498 1124 2547 ut
1141 2509 1236 2547 omnes
1255 2497 1318 2548 illae
1336 2495 1463 2560 glandes,
1490 2494 1591 2560 quibus
1609 2494 1719 2547 eaedem
1738 2497 1782 2546 in-

432 2584 594 2645 scriptiones
618 2585 658 2633 tot
680 2581 882 2648 exemplaribus
907 2582 1082 2642 exhibentur,
1109 2593 1163 2632 non
1187 2583 1294 2647 possint
1316 2583 1467 2633 Minicianis
1491 2581 1572 2632 tidem
1590 2593 1712 2632 asserere
1732 2581 1780 2632 sed

433 2669 507 2732 ipsae
527 2669 582 2718 sint
599 2667 704 2719 iraudis
722 2668 957 2720 condemnandae.

501 2753 530 2802 ln
549 2753 635 2804 altero
652 2767 751 2818 genere
767 2752 922 2817 (tt*-tt*l
938 2755 1042 2805 litterae
1062 2753 1213 2817 singulares
1232 2767 1314 2805 sensu
1332 2754 1443 2804 omnino
1461 2766 1553 2804 cassae
1572 2765 1621 2817 per
1632 2751 1782 2803 ludibrium

433 2841 599 2903 compositae
624 2841 697 2891 sunt.
740 2840 845 2891 Partem
873 2837 1029 2903 (ΞΜ-66444
1055 2841 1113 2906 ipse
1137 2841 1303 2890 examinavi:
1332 2852 1380 2890 eae
1405 2837 1499 2890 iraude
1524 2843 1579 2890 tam
1603 2850 1694 2889 crassa
1720 2841 1783 2889 sunt

433 2924 532 2986 iactae,
560 2929 588 2976 ut
609 2926 653 2975 vix
678 2938 843 2990 quemqnam
862 2926 903 2977 vel
929 2927 1100 2992 aliquantum
1122 2926 1239 2990 peritum
1265 2923 1356 2976 tallere
1381 2925 1500 2989 possint;
1527 2923 1651 2974 falsarius
1675 2923 1781 2988 plumbi

432 3008 641 3076 litterarumque
665 3009 765 3062 formas
789 3013 912 3076 antiquas
937 3013 1036 3062 imitari
1056 3023 1089 3061 ne
1109 3011 1249 3076 temptavit
1271 3010 1394 3074 quidem,
1422 3009 1516 3075 robigo
1535 3011 1604 3061 inest
1622 3007 1678 3059 iere
1697 3007 1780 3072 nulla,

433 3109 486 3146 una
516 3095 582 3159 (w)
606 3096 674 3147 adeo
696 3097 785 3148 resina
810 3096 955 3161 subnigra,
982 3110 1052 3162 quae
1080 3096 1153 3147 tocco
1178 3109 1250 3146 nunc
1273 3098 1401 3158 vocetur,
1427 3109 1459 3148 66
1485 3097 1559 3161 66646
1586 3093 1702 3145 obducta
1731 3097 1781 3144 est.

432 3181 463 3232 N.
477 3178 536 3233 20⁴.
558 3180 617 3232 itit.
635 3180 695 3232 2³⁵.
716 3179 775 3232 tlt.
797 3182 847 3233 28*
859 3196 931 3233 anno
945 3186 1011 3233 4646
1024 3184 1052 3233 46
1065 3194 1161 3233 museo
1174 3182 1350 3232 ltircberiano
1364 3181 1433 3232 vidit
1444 3182 1579 3243 Minicius,
1599 3179 1783 3245 uidenturque

432 3268 524 3332 paullo
549 3271 628 3318 antea
651 3281 684 3318 eo
709 3269 874 3332 pervenisse.
918 3269 1034 3334 Originis
1057 3267 1208 3319 Asculacae
1231 3279 1292 3318 esse
1315 3281 1344 3318 n.
1359 3265 1420 3317 w.
1440 3265 1499 3316 w.
1527 3263 1586 3316 π’.
1607 3264 1657 3314 474
1680 3265 1781 3317 diserte

433 3353 517 3404 tradit
535 3353 668 3404 Minicius.
707 3355 895 3419 Suspicionem
915 3355 972 3420 ipse
991 3355 1025 3405 de
1044 3354 1119 3405 nulla
1138 3351 1275 3418 professus
1294 3356 1350 3412 est;
1377 3354 1528 3417 liuggierns
1549 3353 1620 3404 inter
1643 3355 1783 3418 suspectas

432 3437 552 3505 rettulit,
582 3440 746 3490 Garrnccius
767 3439 880 3504 glandes
901 3453 928 3492 6.
950 3439 1009 3490 2⁰⁴¹.
1030 3437 1091 3490 atii.
1117 3437 1177 3490 tit.
1206 3437 1278 3489 tto*
1302 3439 1432 3502 (itemque
1450 3451 1476 3488 n.
1499 3437 1558 3487 w.
1579 3437 1637 3501 tit)
1665 3449 1694 3488 se
1719 3450 1780 3488 cum

435 3517 603 3576 Marehio‘in
616 3524 691 3575 lalsis
710 3521 878 3590 relegavisse'
900 3528 1014 3576 testatur
1032 3525 1139 3591 sylloge
1158 3537 1183 3589 p.
1198 3527 1257 3574 646.
1273 3549 1304 3561 -
1324 3522 1434 3575 Ceteras
1449 3524 1485 3587 (n.
1501 3521 1551 3573 tt*
1565 3524 1648 3588 sqq),
1668 3536 1783 3588 quarum

434 3610 567 3674 plurimae
591 3613 669 3661 erant
692 3612 720 3660 in
739 3624 833 3662 museo
852 3611 1004 3675 Campanae
1027 3608 1085 3672 itt*
1104 3609 1191 3676 sqq),
1222 3609 1301 3675 plane
1328 3608 1452 3659 eiusdem
1479 3610 1586 3674 generis
1612 3621 1672 3660 esse
1695 3610 1784 3659 mani·

434 3693 531 3746 festum
559 3699 613 3756 eat,
642 3699 773 3761 recteque
799 3698 853 3747 iam
878 3696 1076 3748 damnaverunt
1101 3695 1287 3745 Mommsenus
1305 3694 1356 3745 vol.
1373 3695 1384 3744 1
1402 3707 1429 3759 p.
1445 3697 1495 3744 666
1515 3698 1542 3746 64
1564 3696 1617 3759 (qui
1643 3693 1692 3745 bas
1710 3694 1782 3745 baud

433 3779 516 3831 dubie
541 3779 680 3844 significat)
708 3781 872 3847 Longperier
899 3781 970 3845 (vide
989 3781 1024 3832 ad
1042 3795 1069 3832 6.
1089 3784 1132 3844 tt,
1153 3782 1189 3845 4).
1211 3807 1246 3817 -
1266 3780 1314 3831 4446
1335 3778 1463 3831 subiunxi
1486 3783 1542 3832 tres
1567 3778 1678 3844 glandes
1701 3781 1784 3829 variis

434 3865 523 3915 modis
548 3867 574 3916 64
591 3871 652 3918 6646
671 3868 881 3918 Vincenzinium
899 3865 1029 3918 confictas
1048 3864 1118 3930 (otti.
1140 3863 1223 3918 niati.
1242 3862 1311 3928 6³⁴¹).

503 3951 621 4002 Tertium
647 3965 733 4016 genus
757 3957 800 4004 est
822 3953 960 4017 glandium
978 3965 1087 4014 earum,
1116 3964 1186 4017 quae
1212 3953 1287 4017 ipsae
1305 3949 1421 4016 quidem
1435 3951 1562 4015 antiquae
1585 3949 1718 4001 suntsed
1742 3951 1785 3998 in-

435 4038 597 4102 scriptiones
619 4051 635 4088 a
654 4037 762 4088 falsario
780 4039 913 4090 Asculano
938 4037 1033 4102 ligneis
1056 4036 1151 4088 tormis
1175 4049 1290 4088 excusas
1313 4036 1444 4089 exhibent
1461 4035 1614 4101 quibusque
1634 4037 1673 4085 tot
1693 4048 1783 4086 musea

436 4124 492 4172 tam
511 4122 620 4188 publica
640 4136 720 4188 quam
740 4125 844 4188 private
863 4122 960 4174 referta
980 4125 1050 4174 sunt.
1083 4123 1138 4174 Eae
1156 4123 1266 4188 prodire
1285 4124 1435 4188 coeperunt
1453 4121 1516 4172 inde
1535 4120 1569 4170 ab
1587 4133 1659 4172 anno
1677 4121 1786 4170 circiter

435 4211 501 4258 4864
524 4209 596 4273 (vide
613 4223 641 4262 n.
658 4208 716 4270 664,
729 4212 766 4275 t).
792 4209 826 4260 Et
838 4209 872 4260 ab
886 4210 962 4260 initio
974 4209 1085 4274 quidem
1105 4207 1228 4259 ialsarius
1241 4209 1356 4272 eiusque
1376 4207 1443 4258 socii
1456 4207 1609 4258 venditores
1627 4205 1786 4257 cautissime

435 4293 564 4357 agebant:
583 4307 637 4345 non
657 4295 730 4346 enim
749 4295 914 4347 recedebant
928 4295 980 4346 uisi
994 4295 1185 4359 inscriptiones
1198 4295 1252 4344 iam
1265 4293 1385 4355 aliunde,
1400 4293 1516 4344 maxime
1529 4305 1563 4343 ex
1575 4291 1675 4341 Minicii
1694 4291 1786 4342 libello

437 4382 524 4440 notas,
539 4393 638 4446 easque
650 4382 744 4446 paucis
757 4379 959 4446 exemplaribus
971 4392 1135 4445 summoque
1148 4378 1263 4430 artificio
1276 4379 1354 4430 lactis
1367 4377 1535 4444 repetebant.
1554 4378 1612 4438 Quo
1623 4375 1724 4428 iactum
1734 4382 1783 4440 ast,

437 4468 465 4514 ut
484 4466 614 4528 genuinas
627 4469 753 4531 putarent
765 4466 956 4531 inscriptiones
968 4465 1069 4529 cuncti,
1084 4466 1165 4516 etiam
1185 4466 1204 4516 ii
1218 4466 1343 4516 bomines
1357 4464 1519 4528 gnarissimi,
1541 4462 1640 4527 quibus
1653 4464 1785 4526 genuinas

437 4549 560 4601 conterre
580 4551 691 4603 cottidie
709 4553 737 4601 in
756 4553 883 4617 promptu
901 4553 973 4603 erat:
993 4555 1101 4617 praeter
1117 4552 1296 4603 Garruocium
1315 4551 1396 4601 etiam
1408 4550 1523 4600 vischer
1540 4550 1576 4612 (6.
1588 4546 1660 4610 oli),
1681 4548 1785 4599 Fiorelli

440 4635 476 4698 (6.
490 4634 561 4698 6644,
572 4636 673 4688 Strozzi
685 4637 807 4688 marchio
824 4638 894 4702 (post
906 4651 933 4689 n.
943 4636 1015 4701 itit),
1029 4637 1203 4703 Lengptrier,
1218 4637 1247 4687 1..
1262 4635 1376 4687 Mueller
1388 4635 1550 4688 llavniensis
1564 4633 1608 4698 (64.
1623 4636 1784 4696 Mommsen,

438 4722 477 4771 lm
488 4735 572 4774 neuen
584 4723 659 4774 446464
676 4725 741 4773 itit
754 4723 778 4773 ll
791 4736 818 4788 p.
835 4724 861 4772 44
870 4722 905 4786 l).
937 4723 1007 4775 Nam
1022 4723 1181 4775 Minicianae
1193 4721 1264 4780 illae,
1281 4735 1349 4786 quas
1361 4723 1467 4787 spurias
1485 4721 1527 4772 vel
1540 4719 1611 4772 mala
1623 4719 1708 4772 lectas
1726 4732 1786 4771 esse

508 4979 531 5042 4)
551 4979 736 5032 Mommsenus
748 4978 827 5046 Corp.
838 4981 849 5030 1
862 4994 889 5046 p.
903 4984 952 5031 tttti
971 4983 1000 5032 tn
1020 4979 1188 5046 praetatione
1207 4979 1353 5045 glandibus
1370 4977 1515 5029 Asculanis
1532 4976 1683 5044 praemissa
1698 4967 1785 5042 Mihi,

438 5067 540 5130 inquit,
566 5067 613 5128 qui
637 5067 734 5117 barum
758 5067 863 5119 nullam
881 5067 996 5118 viderim
1023 5065 1090 5117 nihil
1116 5065 1173 5117 iere
1196 5065 1321 5117 relictum
1343 5063 1396 5115 luit
1413 5065 1466 5114 nisi
1486 5063 1630 5115 molestum
1648 5063 1787 5125 negotium

438 5149 618 5202 dubitationis
637 5148 824 5218 profitendae’.

507 5239 531 5299 4)
553 5237 691 5302 Borghesii
704 5239 849 5304 epistulam
862 5239 936 5290 illam
950 5240 1014 5289 enni
1028 5242 1104 5300 4666,
1125 5238 1226 5291 editam
1240 5250 1311 5288 anno
1325 5239 1400 5298 4874,
1421 5235 1552 5299 lterglxlus
1566 5247 1628 5286 cnm
1643 5246 1696 5284 non
1710 5246 1788 5284 com·

439 5325 580 5386 memoret,
599 5322 709 5374 videtur
728 5327 875 5387 ignorasse.
