3930 6224
434 596 506 668 120
937 607 1094 659 (4444444
1113 608 1266 660 arumna.

430 801 528 851 mentis
552 799 657 848 innisus
681 799 780 862 partim
804 795 879 847 falsis
917 798 1018 860 [utpote
1042 796 1164 847 collectis
1188 810 1221 846 ex
1245 797 1410 860 Desjardinii
1435 796 1584 860 erroribus)
1618 799 1718 863 partim
1741 799 1777 849 ad

430 885 592 949 Bergkienas
611 882 723 946 glandes
741 895 795 932 non
815 882 907 933 minus
925 881 1126 947 pertinentibus
1151 882 1339 946 damnaverat,
1366 883 1479 946 glandes
1497 897 1512 932 a
1531 896 1560 934 se
1578 885 1638 949 ipso
1655 885 1774 946 Bonnae,

429 971 608 1034 Mogontiaci,
635 966 803 1030 Wiesbadis‚
831 966 999 1018 Francolurti
1017 968 1169 1032 descriptas
1191 967 1225 1017 ab
1245 969 1318 1018 omni
1342 969 1497 1033 suspicione
1515 969 1594 1032 longe
1618 969 1715 1021 abesae
1733 981 1779 1022 as-

428 1057 562 1109 severavit
581 1057 608 1105 in
628 1067 715 1117 eoque
732 1067 825 1104 errore
844 1055 926 1103 etiam
947 1056 1004 1103 tum
1022 1054 1216 1118 perseveravit,
1237 1055 1383 1118 postquam
1395 1067 1466 1119 quae
1484 1054 1527 1106 his
1540 1068 1603 1105 cnm
1622 1055 1676 1106 illis
1692 1057 1778 1107 inter·

429 1142 540 1194 cederet
557 1139 706 1192 similitudo
727 1139 834 1189 ostendi
854 1140 1021 1200 (Monotaber.
1039 1141 1105 1187 4444
1122 1151 1148 1203 p.
1163 1141 1193 1187 44
1208 1139 1291 1202 sqq).
1328 1138 1381 1189 Eas
1405 1142 1435 1190 ut
1458 1138 1629 1204 detenderet,
1654 1141 1690 1192 ad
1708 1144 1777 1193 mira

430 1230 584 1280 commenta
608 1225 744 1288 conlugit;
770 1238 811 1276 ex.
832 1238 871 1288 gr.
890 1225 1081 1285 Coriolanum,
1107 1223 1219 1274 Fabium
1245 1225 1408 1287 Maximum,
1438 1226 1635 1277 uuintoniam
1660 1227 1778 1290 (scilicet

429 1312 612 1374 triumvirum)
633 1312 764 1376 aliosque,
785 1311 830 1375 qui
844 1323 898 1375 quo
915 1313 996 1375 pacto
1011 1311 1038 1359 in
1052 1310 1193 1361 Asculanis
1206 1309 1353 1373 glandibus
1371 1310 1486 1361 inscribi
1504 1313 1642 1377 potuerint
1653 1314 1706 1363 nisi
1724 1311 1777 1364 fal·
1829 1341 1832 1346 -

430 1400 494 1451 sarii
513 1398 607 1450 iraude
626 1397 756 1463 explicari
776 1410 829 1447 non
846 1398 950 1462 potest,
976 1409 1031 1444 non
1050 1394 1218 1446 clarissimos
1237 1397 1311 1447 viros
1329 1394 1378 1446 sed
1398 1397 1503 1460 ignotos
1521 1396 1632 1447 aliunde
1651 1397 1776 1450 homines

428 1484 625 1549 intellegendos
644 1495 703 1533 esse
723 1481 871 1532 contendit.
903 1483 979 1533 Hanc
991 1495 1019 1533 n.
1035 1485 1066 1531 44
1085 1493 1128 1536 444
1149 1471 1162 1554 ]
1184 1493 1264 1548 maa,
1292 1496 1345 1545 que
1363 1482 1418 1533 Silo
1437 1483 1547 1534 italicus
1564 1483 1620 1534 dux
1639 1486 1666 1534 et
1677 1485 1777 1536 Marius

429 1576 567 1624 Romanus
593 1571 650 1621 dux
672 1569 813 1619 coniuncti
838 1568 1008 1629 exhibentur,
1037 1569 1106 1632 Silio)
1126 1569 1256 1631 Martiam)
1277 1571 1325 1619 aut
1344 1569 1463 1633 44444444]
1484 1569 1612 1633 silonem)
1637 1570 1776 1622 intellecto

427 1659 527 1710 44444444
539 1655 674 1707 vocabulo
693 1654 845 1719 significare
864 1656 983 1717 censuit;
1005 1654 1039 1706 cl.
1052 1655 1121 1704 Scit.
1135 1669 1162 1719 p.
1175 1659 1206 1704 44
1220 1655 1254 1705 ad
1273 1668 1300 1704 n.
1315 1659 1354 1704 tt.
1387 1655 1502 1706 44444444
1518 1669 1585 1707 vero
1603 1670 1636 1707 eo
1654 1658 1776 1709 remedio

428 1747 455 1795 in
469 1742 636 1810 explicandis
649 1740 874 1806 inscriptionibus
891 1754 958 1792 usus
976 1744 1030 1802 est,
1051 1742 1082 1790 ut
1106 1742 1226 1804 ignotam
1249 1739 1359 1792 aliunde
1377 1753 1473 1791 vocem
1492 1741 1535 1792 vel
1553 1740 1668 1793 sormam
1692 1746 1776 1808 prisci

428 1831 562 1881 sermonis
579 1829 666 1878 Latini
690 1827 731 1877 vel
756 1826 866 1876 dialecti
889 1826 1006 1878 alicuius
1027 1826 1134 1877 Italicae
1157 1840 1218 1878 esse
1241 1830 1383 1892 statueret;
1413 1826 1576 1892 quidquod
1600 1829 1776 1895 alphabetum

428 1917 598 1982 epichorium
617 1914 644 1963 in
658 1928 685 1965 n.
700 1917 733 1962 44
745 1927 772 1978 p.
788 1915 837 1961 444
856 1911 989 1963 detexisse
1008 1913 1061 1963 sibi
1073 1913 1149 1964 visus
1162 1916 1210 1964 est.
1234 1913 1365 1980 Exempla
1377 1913 1511 1965 eiusmodi
1523 1915 1777 1980 interpretationum
1789 1949 1793 1955 -

428 2003 637 2066 Berglrianarum
650 1998 754 2049 subieci
768 1997 848 2048 baec:

500 2156 524 2218 4]
544 2155 737 2219 inscriptiones
755 2154 888 2216 genuinae
907 2166 923 2202 a
941 2150 1050 2203 falsario
1069 2165 1199 2203 excusae:

581 2252 624 2314 444,
644 2247 717 2313 apud
730 2260 779 2297 nos
793 2260 820 2296 n.
833 2249 847 2295 4
861 2259 887 2309 p.
902 2246 943 2309 44]
959 2267 990 2288 =
1003 2247 1054 2313 πῦρ
1067 2246 1085 2296 i.
1098 2260 1122 2298 e.
1133 2246 1210 2308 glans
1224 2244 1269 2310 (cl.
1277 2245 1329 2310 pir)
1345 2247 1477 2310 Berglrins
1490 2246 1558 2297 Solet.
1570 2261 1598 2312 p.
1611 2251 1653 2301 44.
1668 2252 1699 2298 44
1711 2263 1772 2315 sqq.

583 2339 698 2397 opteroo,
719 2332 789 2382 male
808 2331 909 2382 lectum
927 2331 961 2381 ab
980 2345 1012 2382 eo
1032 2337 1313 2397 praeparandam
1338 2332 1372 2382 cl.
1383 2347 1410 2397 p.
1428 2335 1474 2381 445
1495 2336 1523 2382 44
1542 2333 1600 2398 444]
1619 2355 1651 2378 =
1667 2336 1775 2387 44444444

642 2431 669 2482 p.
685 2420 726 2468 45.
744 2420 787 2465 444

584 2522 717 2584 lusciosis,
738 2533 766 2570 n.
781 2519 822 2584 87]
844 2540 876 2562 =
895 2519 996 2584 444444]
1016 2521 1059 2570 444
1078 2521 1118 2570 444
1136 2521 1153 2570 i.
1168 2533 1192 2570 e.
1207 2520 1289 2572 tibere
1306 2521 1351 2570 vio
1367 2521 1415 2570 4444
1433 2535 1458 2586 p.
1476 2521 1525 2567 444

499 2660 524 2723 4]
544 2658 685 2723 inscriptio
704 2660 863 2722 suspectae
882 2654 991 2707 44444444
1009 2669 1124 2708 excuse:

584 2757 599 2797 4
619 2757 651 2795 44
670 2743 771 2794 44444444
790 2742 887 2806 glande
905 2745 1041 2808 suspecta,
1070 2742 1142 2808 apud
1160 2756 1211 2793 nos
1229 2756 1257 2793 n.
1274 2743 1331 2808 444]
1352 2743 1413 2797 iort.
1426 2767 1458 2790 ε
1473 2750 1533 2812 plia)
1552 2748 1682 2812 Bergkius
1699 2762 1727 2813 p.
1742 2751 1774 2799 44

634 2828 738 2881 addens
750 2829 785 2880 de
797 2829 850 2879 hac
874 2841 889 2880 r
909 2828 968 2892 [444
990 2841 1043 2878 non
1061 2828 1090 2893 r]
1107 2821 1165 2880 ‘der
1178 2829 1415 2893 Sobristclteraltter
1425 2837 1500 2886 weist
1512 2837 1566 2886 44444
1581 2835 1704 2885 4444444444
1716 2836 1775 2885 dem

635 2915 954 2980 Baadespoaosaealcriege
965 2909 1017 2972 aa&
1039 2915 1193 2966 cuiusmodi
1210 2917 1418 2969 ratiocinatione
1432 2921 1513 2971 etiam
1527 2923 1554 2970 in
1568 2921 1629 2972 aliis
1640 2933 1707 2973 usus
1720 2922 1771 2972 est.

499 3072 522 3134 4]
545 3070 738 3134 inscriptiones
756 3081 772 3118 a
791 3066 899 3119 falsario
918 3081 951 3118 44
969 3069 1070 3134 spuriis
1088 3069 1131 3119 vel
1150 3070 1220 3121 male
1239 3069 1316 3122 lectis
1338 3075 1468 3138 repetitae
1486 3076 1534 3126 aut
1552 3077 1663 3126 omnino
1681 3074 1772 3127 fictae:

582 3165 618 3227 saa·
642 3176 691 3229 pro
715 3176 743 3215 n.
764 3165 796 3211 44
821 3174 875 3216 rat
899 3165 916 3213 4.
938 3177 962 3214 4.
981 3163 1032 3225 seri
1050 3164 1159 3229 lectum]
1190 3166 1217 3215 in
1244 3166 1361 3218 dialecto
1380 3169 1479 3221 Picena
1505 3183 1556 3237 pro
1581 3171 1632 3233 seii
1658 3169 1772 3232 dictum,

635 3248 766 3312 Berglrius
783 3261 810 3313 p.
827 3253 868 3298 44.
889 3251 921 3298 44

581 3355 633 3416 pir,
656 3353 817 3417 corruptum
835 3364 868 3402 44
885 3363 949 3411 ara,
975 3365 1003 3402 n.
1019 3355 1033 3400 4
1052 3366 1079 3417 p.
1095 3353 1136 3416 44]
1157 3354 1184 3403 44
1204 3353 1316 3415 Picena,
1336 3357 1408 3406 sicut
1426 3358 1454 3407 in
1475 3357 1640 3409 Vmbrorum
1658 3358 1774 3412 dialecto

636 3457 668 3480 =
681 3438 741 3504 πῦρ,
762 3437 788 3489 b.
804 3435 820 3486 l.
834 3437 906 3487 idem
926 3437 999 3502 quod
1013 3430 1121 3500 ‘glans’,
1140 3451 1168 3502 p.
1184 3441 1215 3487 44

586 3543 663 3604 trapi,
684 3553 717 3590 44
735 3541 828 3605 spuria
846 3554 873 3590 n.
890 3537 939 3589 te*
952 3539 1100 3604 sumptum]
1120 3553 1136 3590 a
1154 3545 1255 3604 trepere
1271 3555 1299 3607 p.
1316 3545 1347 3593 44

585 3632 652 3677 tomr
669 3638 718 3690 pro
737 3635 821 3678 rotor
840 3638 867 3675 n.
883 3627 906 3685 4,
922 3625 964 3688 44]
985 3625 1059 3675 taber
1076 3637 1102 3688 p.
1119 3628 1150 3673 44

584 3722 663 3765 rorat
686 3724 719 3761 44
737 3720 819 3764 40444
837 3724 864 3761 4.
880 3714 906 3773 4,
921 3714 953 3761 44
972 3710 1142 3774 corruptum]
1163 3711 1305 3775 4444444444]
1326 3726 1354 3778 p.
1369 3717 1400 3763 44

584 3806 672 3851 cotta
691 3810 724 3848 44
742 3807 825 3850 40444
838 3809 865 3846 n.
878 3800 903 3860 a,
915 3800 929 3845 4
942 3795 1111 3860 corruptum]
1127 3802 1240 3848 44444444
1252 3801 1300 3849 eut
1313 3797 1435 3851 cometes
1447 3803 1494 3851 aut
1509 3799 1638 3852 0444444444
1649 3815 1676 3867 p.
1688 3806 1717 3854 44
1730 3815 1771 3868 sq.

585 3896 683 3934 carex
702 3897 728 3932 n.
745 3885 776 3931 44
796 3881 868 3932 male
886 3881 965 3944 lecta]
987 3894 1031 3932 444
1049 3895 1076 3946 p.
1090 3885 1138 3931 444

583 3981 660 4018 maso
677 3981 711 4018 44
728 3981 754 4019 n.
768 3971 799 4017 44
820 3967 921 4028 Fulvia,
943 3965 977 4020 ci.
991 3967 1093 4017 Minicii
1112 3968 1267 4032 imaginem]
1287 3941 1378 4021 maaca
1395 3971 1414 4020 i.
1428 3985 1452 4021 e.
1466 3970 1543 4035 glans
1561 3985 1588 4036 p.
1604 3974 1652 4020 444

585 4058 658 4106 tesca
677 4067 709 4103 44
728 4067 755 4102 4.
771 4056 803 4102 44
817 4065 859 4116 sq.
872 4065 922 4117 pro
940 4053 1035 4116 4444444]
1057 4053 1150 4104 444444
1168 4067 1194 4119 p.
1208 4057 1257 4102 444

584 4144 696 4190 44444444
713 4152 747 4189 44
765 4152 792 4190 n.
808 4141 840 4187 44
859 4152 885 4189 v.
901 4141 926 4201 4,
947 4136 982 4189 cl.
997 4141 1053 4188 not.
1068 4139 1095 4187 in
1115 4137 1178 4202 44444]
1199 4140 1307 4190 detineas
1328 4139 1418 4202 (imus)
1438 4155 1464 4206 p.
1478 4144 1527 4190 444

584 4237 604 4279 a
623 4213 629 4300 Ι
648 4235 700 4277 444
722 4214 734 4299 1
754 4234 892 4278 oetavis
911 4237 945 4274 44
962 4238 989 4275 n.
1005 4227 1036 4274 44
1053 4226 1261 4286 potententem·
1279 4225 1374 4289 melam]
1390 4217 1453 4277 ‘Dte
1466 4227 1627 4292 Ergdazaag
1647 4227 1695 4291 (4444
1711 4231 1772 4295 pete

636 4311 830 4374 Octaviatnum)
851 4313 885 4360 444
902 4300 993 4361 444444’
1011 4323 1038 4374 p.
1054 4313 1113 4370 444,
1133 4308 1167 4360 cl.
1182 4323 1209 4376 p.
1224 4314 1256 4360 44

588 4413 723 4466 damano
740 4427 772 4465 44
792 4423 953 4466 causaavs
971 4426 998 4463 n.
1014 4415 1044 4462 44
1065 4425 1081 4463 4
1099 4409 1208 4464 leiserio
1232 4413 1350 4464 litteram
1369 4427 1387 4468 u
1405 4414 1475 4465 male
1499 4416 1685 4481 interpretanti
1710 4430 1774 4469 cor-

636 4499 755 4565 ruptum]
778 4498 880 4550 Ceasar
898 4497 1034 4560 [alludens
1051 4496 1087 4547 ad
1104 4497 1263 4561 4444444444]
1282 4500 1345 4549 4444
1363 4499 1473 4552 militari
1492 4515 1543 4567 pro
1564 4501 1663 4554 044444
1680 4518 1706 4569 p.
1723 4508 1771 4553 444

582 4614 644 4664 pao,
665 4599 699 4654 cl.
714 4616 741 4667 p.
757 4604 806 4651 444
825 4602 852 4651 44
872 4601 961 4651 indice
975 4601 1131 4665 spuriarum
1143 4602 1198 4650 inc.
1214 4601 1274 4652 lect.
1289 4601 1331 4664 44]
1354 4623 1385 4646 =
1403 4607 1481 4665 pavie
1497 4618 1523 4670 p.
1539 4608 1587 4655 444

584 4686 669 4750 eistat]
690 4707 722 4730 =
741 4685 802 4738 4444
818 4686 868 4749 fail
888 4685 945 4750 (fuit
963 4705 995 4728 =
1012 4687 1048 4751 44·
1065 4687 1082 4736 4.
1098 4699 1122 4736 4.
1138 4685 1222 4750 glans)
1244 4699 1273 4751 p.
1288 4690 1329 4739 44.
1350 4689 1397 4737 444

585 4785 616 4823 or
632 4773 677 4836 fri,
699 4773 731 4835 cs.
747 4786 773 4838 p.
791 4775 838 4821 444
858 4785 885 4822 n.
900 4770 960 4835 444]
981 4791 1013 4814 =
1032 4784 1061 4821 oa
1077 4771 1129 4833 4444·
1145 4785 1172 4837 p.
1187 4776 1231 4822 444

584 4869 749 4913 44444444
770 4858 812 4921 ((14
831 4869 852 4911 v
871 4873 886 4909 a
904 4857 1015 4909 falsario
1033 4872 1239 4925 nonnumquam
1258 4860 1381 4911 adbibita
1400 4861 1522 4912 dixeram
1535 4863 1773 4915 beneolentem

636 4958 662 5009 p.
681 4945 734 5009 44]]
759 4947 786 4996 V.
806 4945 987 5010 (praenomen)
1011 4943 1145 5010 0444444444)
1166 4959 1193 5011 p.
1210 4948 1242 4995 44

585 5049 622 5100 u.
646 5047 814 5109 0444444444,
844 5050 861 5098 i.
885 5062 909 5100 e.
934 5047 1066 5112 4444444444)
1093 5046 1246 5099 Coriolanus
1263 5054 1294 5099 ut
1319 5048 1493 5100 ostenderam
1518 5050 1585 5103 ibid.
1604 5066 1631 5118 p.
1654 5055 1695 5104 44.
1723 5056 1770 5110 44;

636 5130 669 5182 44.
684 5145 767 5199 supra
779 5147 805 5198 p.
822 5132 864 5196 44]
885 5134 922 5184 u.
943 5146 1110 5198 praenomen
1128 5135 1321 5199 interpretatur
1338 5148 1365 5201 p.
1382 5139 1430 5186 444

584 5247 703 5288 marea
721 5223 726 5312 Ι
746 5247 838 5290 norea
860 5249 893 5286 44
905 5248 1016 5288 nummo
1036 5236 1174 5289 atalaario
1192 5239 1337 5303 repetitum
1348 5251 1409 5290 esse
1427 5239 1600 5291 ostenderam
1614 5241 1770 5292 4444444444.

637 5324 703 5372 4444
720 5329 748 5386 p.
765 5325 811 5382 44;
833 5321 868 5372 44.
882 5335 965 5388 supra
983 5336 1010 5387 p.
1027 5322 1067 5387 44]
1089 5343 1121 5366 =
1139 5328 1205 5376 mete
1222 5324 1285 5387 44444]
1305 5326 1353 5374 aut
1370 5323 1445 5388 44444]
1465 5337 1492 5390 p.
1509 5325 1555 5374 444
