3902 6238
738 611 937 663 PRAEFATIO.
1459 619 1509 666 XV

167 785 322 845 immenso
346 780 413 844 lere
437 801 571 845 numero
587 783 870 861 circumferuntur,
896 781 1023 845 falsario
1037 780 1193 845 Asculano
1216 781 1326 845 deberi
1350 783 1411 844 iam
1435 802 1511 844 con-

165 894 226 947 stat
254 883 337 965 [vide
361 906 394 966 p.
412 885 451 945 90
477 884 577 968 sqq.).
625 887 787 948 Praeterea
820 904 859 948 ex
890 887 960 966 iiio,
992 904 1087 966 quem
1117 883 1348 964 demonstravi,
1378 885 1510 966 glandes

165 986 340 1050 labricandi
371 987 633 1070 inscribendique
667 987 758 1050 modo
788 989 865 1051 haec
898 999 1095 1070 sequuntur,
1133 1008 1214 1069 quae
1245 999 1279 1051 et
1307 990 1374 1069 ipsa
1403 989 1509 1070 magni

165 1101 240 1153 sunt
266 1091 418 1153 momenti
448 1089 489 1153 ad
522 1090 651 1154 fraudes
682 1091 822 1154 novicios
854 1090 1150 1173 deprehendendas.
1209 1092 1305 1172 Siqua
1338 1092 1423 1153 enim
1458 1092 1509 1152 in-

164 1193 293 1274 scriptio
323 1195 392 1274 pari
421 1213 553 1275 prorsus
583 1195 761 1258 litterarum
791 1214 941 1258 mensura
970 1196 1003 1257 in
1034 1195 1160 1257 duabus
1190 1192 1361 1274 glandibus
1392 1204 1504 1274 exstat,

164 1296 288 1377 plumbi
311 1315 438 1377 quoque
462 1296 560 1359 lorma
584 1306 616 1359 et
637 1296 822 1378 magnitudo
851 1299 978 1378 utrique
1008 1297 1182 1379 exemplari
1204 1317 1268 1360 non
1291 1307 1422 1378 possunt
1445 1315 1507 1359 non

165 1418 233 1462 esse
262 1398 404 1461 eaedem.
464 1399 618 1462 Falsarius
654 1409 764 1462 autem¹
788 1398 967 1462 Asculanos
996 1401 1108 1481 plures
1142 1399 1314 1463 cuiuslibet
1350 1401 1508 1480 magnitu-

164 1501 249 1564 dinis
276 1501 411 1583 glandes
444 1503 476 1563 in
506 1502 618 1565 eadem
653 1502 751 1564 lorma
781 1503 886 1583 lignea
915 1522 987 1564 cum
1018 1501 1202 1581 excuderit,
1228 1503 1433 1582 factumest,
1471 1512 1508 1564 ut

166 1603 308 1668 eiusdem
331 1606 427 1687 plane
451 1623 620 1668 mensurae
643 1604 808 1687 inscriptio
830 1605 863 1666 in
880 1604 1050 1686 glandibus
1073 1605 1219 1668 diversae
1242 1607 1360 1667 formae
1383 1605 1507 1685 magni-

164 1708 350 1789 tudinisque
373 1717 526 1772 recurrat.
550 1707 737 1771 ——Deinde
760 1709 851 1789 siqua
873 1709 963 1789 glans
986 1709 1128 1788 offertur,
1158 1727 1253 1788 quam
1276 1727 1339 1769 non
1363 1726 1432 1770 esse
1456 1708 1507 1769 vel

164 1811 296 1875 lusionis
318 1810 446 1874 delectu
460 1811 513 1873 vel
536 1812 674 1874 laesione
697 1811 872 1874 mutilatam
896 1830 937 1872 ex
959 1811 1084 1892 plumbi
1106 1812 1289 1894 symmetria
1304 1809 1506 1873 manifestum

164 1923 223 1993 est,
249 1915 281 1977 in
306 1933 367 1996 qua
391 1923 495 1976 tamen
519 1915 681 1996 inscriptio
711 1933 773 1976 non
796 1923 899 1976 exstat
922 1915 1060 1994 integra,
1093 1933 1129 1976 ea
1152 1913 1229 1977 lalsa
1251 1923 1300 1975 est
1323 1912 1502 1975 iudicanda.

164 2018 207 2078 lta
231 2015 380 2079 falsarius
408 2018 569 2098 antiquior
596 2017 671 2080 lecit
697 2017 892 2098 exemplaria
920 2017 1100 2080 huiusmodi
1130 2036 1163 2080 n.
1180 2015 1221 2078 3*
1243 2037 1303 2078 aaa
1329 2015 1396 2097 (pro
1420 2017 1503 2098 aaa),

162 2139 194 2181 n.
213 2121 271 2181 ll*
294 2139 387 2184 444444
423 2119 491 2202 (pro
511 2121 662 2202 peristis),
695 2119 734 2182 cl.
760 2140 792 2182 n.
819 2120 857 2180 tt*
880 2129 912 2182 et
934 2141 967 2201 p.
986 2122 1045 2198 883
1081 2118 1256 2184 Asculanus
1285 2129 1391 2184 autern
1418 2139 1501 2198 cum,

164 2233 199 2285 ut
221 2222 306 2302 dixi,
341 2223 475 2286 eandem
499 2223 629 2286 lormam
654 2224 791 2304 ligneam
814 2223 856 2286 ad
879 2222 1010 2304 glandes
1033 2221 1430 2304 diversaemagnitudinis
1452 2221 1503 2284 in-

162 2325 324 2390 cudendas
354 2325 555 2406 adhibuerit,
589 2329 659 2390 eius
688 2327 911 2408 inscriptiones
933 2346 1029 2408 saepe
1058 2345 1186 2389 mancae
1216 2325 1425 2404 exhibentur;
1459 2323 1501 2387 cl.

160 2448 193 2508 p.
218 2431 271 2492 94.

247 2532 482 2613 inscriptiones,
508 2541 666 2614 quatenus
689 2533 907 2615 interpretatio
930 2552 1038 2595 aarum
1066 2550 1128 2595 non
1152 2549 1284 2612 prorsus
1307 2531 1427 2593 incerta
1450 2550 1503 2592 re-

164 2635 321 2715 linquitur
342 2634 398 2697 sed
426 2645 482 2698 aut
510 2636 676 2698 manifesta
700 2645 748 2698 est
769 2644 824 2700 aut
852 2636 1032 2699 coniectura
1056 2636 1154 2715 magis
1177 2634 1322 2696 minusve
1345 2631 1501 2713 probabili

160 2737 292 2818 proponi
315 2746 435 2818 potest,
469 2738 508 2801 ad
539 2739 616 2800 haec
638 2739 704 2802 lere
743 2757 859 2820 genera
883 2739 1022 2802 revocari
1045 2746 1188 2818 possunt.
1236 2735 1382 2816 inscripti
1405 2735 1502 2814 igitur

160 2849 251 2902 suni:

249 2941 276 3023 4)
304 2943 443 3023 populus
465 2943 533 3006 sive
557 2945 737 3027 respublica
759 2945 881 3008 bellum
904 2963 1035 3026 gerens:

409 3046 482 3109 itata·
504 3046 599 3110 3-5.
626 3049 699 3111 426.
726 3049 799 3110 446.
827 3046 887 3109 iai
910 3046 1065 3130 (Add.)¹).

245 3145 275 3228 2]
302 3149 357 3227 qui
380 3147 513 3231 glandes
535 3149 603 3212 lieri
627 3151 805 3214 iusserunt:

407 3254 440 3312 t.
467 3254 533 3314 Piso
555 3256 591 3314 t.
612 3253 637 3335 f.
661 3273 720 3316 cos.
747 3254 758 3313 4

411 3356 441 3415 Τ.
465 3354 644 3438 4444444444)
662 3357 794 3438 4444444444
815 3357 973 3418 sociorum
997 3353 1186 3435 italicorum)
1209 3357 1226 3414 3

407 3455 553 3541 4449444444)
579 3457 759 3542 implorator]
786 3460 805 3521 2

409 3561 463 3621 644.
489 3560 636 3645 Maglona)
662 3561 842 3644 implorator)
871 3563 910 3622 49

426 3665 462 3739 Q.
488 3663 697 3747 Salvidienus)
725 3663 907 3747 irriperotor)
934 3665 969 3724 5l

405 3659 522 3864 {Rufus
544 3768 616 3849 imp.
642 3769 682 3827 68

409 3870 525 3931 Caesar
547 3871 620 3950 imp.
646 3871 686 3930 68

408 3973 449 4033 Μ.
473 3971 637 4054 4444444444
660 3971 817 4054 triticeus)
841 3971 986 4056 militum]
1014 3969 1153 4054 llepiom's)
1181 3973 1226 4033 XI
1245 3971 1286 4033 76

410 4075 440 4134 T.
462 4076 532 4138 Etri
548 4074 659 4156 prlima]
686 4075 756 4157 pilli)
785 4075 923 4158 lepliooisl
951 4076 1020 4136 1111
1039 4077 1079 4135 69

424 4173 517 4257 Apidi
534 4197 587 4259 pr.
608 4178 665 4258 pil.
691 4179 713 4240 t.
745 4180 788 4240 VI
806 4178 859 4240 72.
885 4177 924 4239 73

405 4190 516 4446 kpidi
592 4299 644 4361 pr.
664 4281 722 4361 pil.
748 4279 787 4342 74

446 4399 480 4462 4-
505 4401 553 4463 rr·
574 4381 646 4464 riti
667 4382 702 4444 ⁷⁴

405 4483 427 4544 l.
452 4485 514 4544 ΧΙΙ
534 4485 650 4548 Scaeva
669 4504 722 4567 pr.
744 4485 802 4566 pil.
827 4484 867 4546 79

156 4651 217 4702 vide
235 4651 306 4704 inira
324 4667 351 4719 p.
367 4653 392 4716 6)
412 4667 438 4717 p.
452 4657 503 4704 466
522 4657 602 4706 noti
628 4657 699 4720 (vide
722 4656 796 4722 apud
815 4669 863 4706 nos
887 4656 922 4707 ad
942 4661 995 4708 44.6
1014 4658 1111 4723 princ.)
1138 4657 1278 4721 glandium
1296 4656 1428 4721 quasdam
1453 4658 1497 4706 in-

157 4741 319 4805 scriptiones
342 4741 369 4790 di
392 4742 496 4791 6444444
513 4746 617 4804 stampe
634 4755 694 4794 esse
711 4742 852 4802 dixerant,
878 4743 1001 4809 imperita
1019 4745 1143 4807 uterque,
1168 4756 1284 4808 quorum
1304 4741 1424 4794 liubbius
1443 4743 1496 4792 iam

156 4823 190 4873 ab
211 4825 317 4876 Alassio
341 4827 434 4877 4444444
459 4830 524 4876 4848
547 4841 575 4893 p.
594 4828 626 4876 44
654 4827 786 4879 refutatus
809 4832 880 4894 erat;
912 4828 960 4880 aed
983 4828 1036 4879 hoc
1057 4826 1171 4880 loriasae
1195 4842 1286 4879 errore
1305 4827 1433 4878 inductus
1457 4831 1497 4878 est

156 4907 278 4962 laisarlus
301 4911 455 4963 Asculanos
479 4913 514 4964 ad
538 4914 729 4980 inscriptiones
753 4915 930 4966 incedendas.
959 4940 990 4952 -
1016 4915 1076 4966 Non
1100 4915 1197 4966 melius
1221 4913 1341 4966 liubbius
1364 4912 1382 4964 l.
1408 4913 1427 4963 l.
1453 4913 1498 4964 ln-

156 4996 318 5060 scriptiones
343 5011 370 5049 n.
385 5000 410 5058 8,
426 5001 458 5048 48
477 5001 505 5048 44
521 5013 548 5051 n.
566 5003 595 5048 tt
610 4992 730 5052 ‘incisas
750 5013 811 5052 esse
834 5003 962 5061 testatur,
982 5001 1025 5050 oui
1049 5013 1142 5064 parem
1161 4999 1299 5051 Garruccii
1322 5012 1442 5050 errorem
1461 4999 1497 5050 ad

156 5092 181 5128 n.
196 5083 226 5130 47
247 5082 349 5133 notavi.
369 5082 439 5142 Quid
458 5084 533 5148 quod
552 5085 679 5138 i’flaterus
696 5099 722 5152 p.
737 5091 769 5136 aa
789 5087 927 5138 Minicium
946 5088 985 5138 ait
1002 5085 1094 5137 tabula
1111 5087 1145 5136 ill
1166 5085 1260 5149 [voluit
1273 5079 1333 5144 ‘11';
1359 5085 1436 5137 tortia
1455 5088 1497 5136 est

156 5165 235 5232 nulla]
256 5167 351 5232 viginll
375 5168 488 5233 glandes
505 5170 654 5224 delineatae
672 5171 813 5233 exhibere,
840 5174 867 5223 in
885 5171 984 5237 quibua
1002 5173 1107 5223 litterae
1129 5185 1182 5222 non
1201 5171 1352 5224 eminentes
1370 5173 1425 5223 sint
1442 5171 1490 5224 aad

156 5251 256 5305 incisae
276 5254 508 5318 (ainpaaclniitanl.

224 5343 233 5384 4
240 5353 247 5402 J
267 5339 305 5390 De
325 5341 508 5408 inscriptione
526 5342 677 5409 scariphata
697 5343 841 5407 Itolielnlaca
858 5343 920 5394 vide
938 5357 963 5412 p.
983 5347 1031 5394 448
1051 5357 1079 5396 n.
1099 5347 1157 5398 448.
