3902 6238
641 511 685 560 nn
703 509 875 569 nnnrovnn
894 510 1052 562 prunnon.
1500 501 1520 570 7

171 711 242 765 tanh
263 709 338 766 haec
360 707 451 764 relata
473 711 541 762 sunt
563 705 728 762 aCastellic
743 705 908 776 professore
925 706 1179 776 Ripatranscnensi
1203 713 1232 764 et
1254 706 1412 766 Gabricllio
1427 707 1523 766 Ascu-

172 813 248 870 lano.
297 811 349 868 lllc
370 811 542 866 ansottium
566 809 860 879 llipatranscnensem
882 809 1087 880 architectum,
1120 815 1187 866 ante
1209 809 1263 866 hos
1293 811 1404 882 aliquot
1431 828 1522 870 annos

173 921 337 982 mortuum,
365 913 511 970 dicentem
534 912 645 968 audivit
666 927 698 967 se
721 913 802 983 operi
825 910 866 968 illi
895 911 932 968 ad
957 918 1071 982 portam
1094 913 1251 969 Romanam
1272 914 1405 971 iaciendo
1428 917 1522 972 inter-

171 1019 263 1076 fuisse
286 1025 316 1074 ει
343 1016 491 1090 glandium
513 1013 554 1072 ibi
577 1017 691 1086 copiam
721 1015 867 1071 invenisse
893 1015 990 1072 modio
1019 1016 1206 1072 metiendam.
1261 1016 1417 1075 Gabriellio
1447 1024 1521 1075 teste

172 1121 343 1178 Vincentius
371 1120 466 1177 Loreti
494 1120 678 1175 inventarum
709 1123 775 1174 ante
803 1119 856 1175 hos
884 1119 947 1174 iere
976 1119 1025 1175 LX
1054 1134 1145 1177 annos
1174 1119 1320 1190 glandium
1352 1123 1521 1178 memoriam

171 1229 252 1282 tenet
275 1231 362 1296 atque
384 1223 524 1279 Antonius
540 1220 646 1292 Orsini,
672 1221 810 1279 historiae
832 1223 971 1278 naturalis
993 1223 1142 1292 professor
1164 1230 1193 1279 et
1215 1229 1332 1280 senator
1345 1223 1516 1294 Asculanus,

172 1330 286 1384 amicus
301 1328 412 1395 Delfici,
439 1326 567 1383 narravit
587 1325 708 1397 glandes
729 1326 825 1381 musei
846 1323 985 1382 Asculani
1007 1327 1138 1398 quinque
1161 1342 1282 1384 numero
1307 1332 1344 1384 36
1370 1329 1521 1398 insignitas

177 1423 216 1506 (v.
234 1447 264 1487 n.
282 1435 365 1497 6,ιε.
394 1435 462 1500 9,1.
491 1435 581 1498 29,1.
609 1432 660 1496 33,
677 1443 701 1484 ι.
728 1422 776 1503 36)
804 1435 866 1484 tum
892 1427 930 1483 ad
956 1434 1068 1499 portam
1098 1429 1256 1486 Romanam
1278 1430 1308 1485 in
1338 1429 1521 1488 demoliendo

174 1549 258 1591 muro
280 1537 412 1604 repertas
435 1547 514 1600 esse;
546 1531 676 1597 eaedem,
703 1535 735 1587 ut
755 1530 812 1586 hoc
834 1529 949 1600 addam,
976 1530 1026 1588 diu
1047 1537 1114 1587 ante
1137 1548 1225 1604 quam
1248 1548 1381 1589 museum
1404 1530 1522 1602 publico

173 1639 239 1694 usui
267 1639 431 1708 aperiretur
458 1629 543 1712 (anno
570 1625 662 1709 6866)
695 1640 724 1690 ει
750 1648 838 1704 mam
860 1633 975 1689 officina
997 1634 1219 1690 lincenziniana
1243 1636 1446 1706 inscriptiones
1469 1653 1522 1694 ex-

173 1738 285 1796 cudere
308 1739 470 1807 coepisset,
503 1739 613 1792 iamin
635 1737 715 1792 curia
737 1735 907 1806 municipali
935 1736 972 1792 ab
995 1734 1109 1795 Orsinic
1131 1752 1190 1793 una
1212 1751 1279 1792 oum
1308 1740 1399 1809 ipsius
1421 1755 1522 1798 museo

172 1842 312 1898 historiae
335 1839 472 1897 natvrrails
495 1839 546 1895 sed
569 1839 678 1896 scrinio
700 1843 834 1909 separato
857 1836 1090 1908 asservabantur,
1123 1839 1160 1894 ad
1182 1853 1290 1908 easque
1312 1843 1384 1897 nulli
1406 1850 1523 1914 praeter

172 1948 270 2016 ipsum
300 1942 418 2014 patebat
447 1943 558 2012 aditus;
591 1957 626 1998 ac
649 1947 728 1998 certe
751 1940 796 1997 vel
826 1939 864 1999 ob
878 1924 943 1998 'hoc
965 1943 1057 1998 maior
1079 1943 1121 1997 eis
1147 1941 1220 1998 fidas
1242 1943 1378 2001 habenda
1400 1951 1454 2002 est.
1479 1975 1523 1985 -

173 2048 231 2104 Sed
253 2048 419 2104 accuratior
439 2045 477 2102 de
498 2046 550 2116 iis,
584 2059 661 2116 quae
682 2042 723 2100 ibi
745 2025 861 2100 inventa
889 2047 964 2111 sint,
998 2045 1098 2101 notitia
1121 2047 1237 2102 omnino
1260 2046 1458 2116 desideratur,
1492 2049 1522 2104 in

172 2152 274 2222 primis
290 2157 387 2206 autem
408 2150 600 2205 instrumenta
619 2147 666 2203 illa
682 2147 828 2218 glandium
851 2147 1064 2204 fundendarum
1079 2149 1176 2219 qualia
1198 2149 1304 2206 luerint
1326 2156 1354 2205 ει
1370 2167 1428 2222 quo
1450 2167 1522 2222 per-

172 2255 316 2321 venerint,
336 2251 443 2308 irustra
457 2252 607 2322 inquisivi.
643 2249 706 2306 Vidi
722 2249 841 2322 quidem
855 2250 963 2306 Romae
983 2255 1012 2305 et
1026 2250 1187 2308 Florentiae
1207 2251 1266 2308 duo
1281 2268 1357 2324 quae
1374 2255 1436 2310 eius
1450 2270 1522 2310 usus

173 2359 264 2414 luisse
287 2355 440 2423 dicuntur,
473 2361 502 2411 at
524 2370 558 2410 ea
582 2355 696 2411 novicia
719 2368 784 2408 esse
806 2353 990 2409 manifestum
1013 2358 1067 2422 cst,
1093 2360 1126 2410 ut
1147 2354 1279 2411 falsarios
1301 2371 1335 2411 ea
1357 2359 1521 2414 narratione

171 2460 280 2516 abusos
303 2473 369 2514 esse
391 2462 505 2528 pateat;
532 2460 587 2513 nisi
602 2458 676 2514 icrte
699 2462 757 2513 tota
780 2455 827 2512 illa
850 2455 887 2510 de
909 2455 1033 2512 inventis
1047 2454 1145 2512 Asculi
1161 2454 1189 2510 id
1213 2471 1305 2526 genus
1323 2457 1521 2515 instrumentis

173 2562 299 2619 narratio
322 2576 402 2617 mera
426 2567 471 2617 est
492 2559 600 2629 tabula,
627 2576 643 2614 a
666 2559 787 2616 falsariis
809 2561 838 2613 in
858 2558 962 2629 vulgus
984 2573 1094 2629 sparsa.
1135 2558 1230 2614 Unum
1252 2565 1346 2616 exstat
1367 2562 1396 2615 in
1418 2575 1521 2619 museo

172 2663 380 2730 Kircheriano‚
414 2663 531 2731 forceps
554 2662 665 2718 ahenea
694 2661 807 2733 patellis
830 2659 944 2717 duabus
966 2660 1067 2733 quales
1093 2660 1246 2731 lignianum
1268 2668 1434 2719 nostrarum
1455 2671 1523 2720 ειιιιι

172 2766 318 2839 praedm
354 2765 407 2820 sed
429 2764 532 2833 robigo
554 2764 629 2820 male
652 2764 726 2820 lacta
749 2771 802 2831 est,
830 2767 979 2835 magisque
1002 2765 1087 2820 etiam
1111 2765 1238 2835 ineptam
1259 2765 1392 2821 iraudem
1414 2769 1517 2839 arguit,

173 2869 252 2942 quod
273 2866 397 2941 patellae
419 2866 560 2922 foramine
583 2873 697 2933 carent,
728 2881 786 2936 quo
808 2866 962 2937 plumbum
984 2866 1097 2923 iniundi
1118 2869 1220 2937 possit.
1267 2867 1398 2925 Alterum
1421 2886 1523 2926 exem-

172 2972 269 3045 plum,
304 2970 383 3041 quod
406 2969 466 3025 vidi
488 2968 565 3039 apud
591 2968 789 3025 marchionem
811 2968 946 3025 Carolum
969 2968 1079 3026 Strozzi
1100 2970 1314 3038 Florentinum,
1347 2978 1390 3028 est
1412 2973 1521 3030 formae

172 3075 274 3131 similis
297 3073 426 3129 aheneae
448 3071 566 3126 dimidia
588 3086 666 3140 pars,
692 3069 825 3142 robigine
847 3072 966 3143 quidem
989 3073 1189 3142 antiquitatem
1210 3071 1287 3130 bene
1309 3076 1448 3132 simulans
1469 3076 1521 3132 sed

172 3193 230 3235 non
252 3181 349 3233 minus
371 3179 471 3246 inepte
494 3172 683 3231 foraminibus
705 3175 845 3230 instructa
867 3173 976 3243 tribus,
1010 3189 1135 3245 quorum
1166 3174 1224 3231 duo
1247 3161 1277 3231 in
1302 3177 1426 3248 patellae
1449 3195 1522 3235 acu-

173 3280 312 3346 minibus,
337 3281 456 3334 tertium
477 3279 508 3333 in
530 3277 626 3334 madia
647 3277 784 3347 marginis
806 3281 889 3347 parte
911 3283 1013 3333 exstat.

257 3383 343 3438 Extra
373 3383 551 3438 territorium
579 3378 755 3436 Asculanum
784 3395 896 3450 paucae
926 3379 1045 3450 glandes
1074 3385 1208 3451 repertae
1237 3387 1322 3437 sunt:
1371 3375 1396 3458 l)
1429 3398 1521 3453 prope

172 3487 298 3542 Firmum
330 3476 371 3560 (6.
401 3489 450 3554 ta,
470 3476 492 3559 1)
525 3499 619 3555 prope
647 3482 781 3539 Vibratae
814 3482 920 3538 vallem
950 3483 1124 3539 Truentinae
1155 3485 1316 3554 proximam
1344 3487 1374 3540 in
1412 3486 1520 3556 oppido

172 3588 337 3658 Corropoli‚
364 3586 401 3642 ad
424 3587 479 3642 sin.
505 3585 640 3642 libratae
662 3587 717 3642 sito
740 3592 769 3641 et
794 3586 868 3660 circ,
889 3583 967 3640 XVll
989 3601 1029 3640 m.
1047 3600 1077 3654 p.
1097 3561 1205 3641 Asculo
1228 3585 1343 3642 distanti
1371 3578 1411 3662 (v.
1429 3603 1459 3642 ιι.
1488 3593 1517 3643 3.

173 3697 203 3749 6.
231 3697 260 3760 6,
280 3707 304 3748 a.
337 3695 453 3760 8‚1.a.
487 3683 551 3765 ll),
587 3695 615 3744 et
643 3703 736 3760 prope
771 3686 910 3758 oppidum
940 3689 1088 3745 Tortoreto
1120 3705 1137 3744 e
1164 3689 1283 3759 regione
1317 3687 1404 3745 huius
1433 3691 1520 3746 situm

179 3789 263 3871 [ist.
291 3799 320 3862 6,
339 3787 380 3860 al.
440 3795 483 3849 De
511 3792 575 3848 aliis
604 3806 662 3848 non
687 3791 811 3846 traditur
837 3792 894 3846 nisi
923 3792 1003 3862 origo
1032 3791 1178 3848 Picentina
1206 3783 1246 3866 (l,
1266 3806 1289 3848 ι.
1324 3797 1353 3860 6,
1373 3809 1397 3848 ι.
1431 3797 1460 3861 9,
1479 3807 1518 3850 ιε.

177 3893 226 3974 [it
255 3888 418 3971 suspectal.
454 3901 548 3963 38,1.
581 3897 630 3962 lt,
651 3889 671 3970 a]
710 3898 760 3949 aut
786 3891 926 3964 Aprutina
958 3885 998 3969 (6,
1018 3889 1057 3970 a).
1117 3895 1224 3951 Earum
1251 3895 1379 3966 exceptis
1409 3901 1437 3953 3.
1468 3899 1517 3954 ll.

177 4005 223 4058 l9.
255 3993 320 4074 [20]
346 3999 476 4056 omnium
498 3998 553 4053 alia
575 3996 708 4067 exempla
728 3995 826 4054 Asculi
848 4003 963 4069 reperta
987 4013 1051 4054 esse
1075 4004 1197 4055 constat.
1222 4026 1266 4037 -
1287 4000 1421 4070 Denique
1442 3999 1520 4056 haud
1574 4027 1576 4031 ,

173 4118 285 4174 paucae
308 4106 421 4156 exstant
442 4103 472 4156 in
500 4101 607 4156 museis
630 4101 755 4156 maxime
777 4100 919 4170 publicis,
953 4116 1077 4172 quarum
1108 4101 1188 4172 origo
1211 4116 1270 4158 non
1298 4101 1433 4157 adnotata
1456 4107 1516 4171 cst;

174 4204 225 4260 sed
248 4220 301 4260 eae
317 4204 439 4260 aliorum
455 4203 653 4274 exemplorum
677 4217 734 4272 ope
748 4201 853 4260 Asculo
877 4203 965 4260 tribui
983 4209 1150 4275 potuerunt.
1175 4231 1218 4241 -
1240 4199 1307 4257 Una'
1320 4208 1348 4270 6,
1364 4219 1392 4259 ιι
1408 4204 1522 4261 labicis

173 4313 290 4378 reperta
318 4321 384 4362 esso
412 4305 520 4374 iertur3
554 4306 634 4377 quod
662 4307 687 4361 si
713 4321 818 4361 verum
848 4311 907 4374 est,
941 4306 1008 4362 illuc
1037 4320 1118 4362 maro
1141 4319 1212 4360 casu
1235 4305 1296 4360 sive
1319 4307 1436 4375 antiqua
1459 4308 1521 4363 sive

172 4411 336 4468 recentiore
357 4415 451 4464 aetate
474 4407 599 4464 delatam
622 4423 686 4464 esse
709 4414 790 4479 puto.

257 4514 429 4570 Litterarum
452 4511 543 4568 forma
566 4513 635 4568 satis
656 4513 751 4582 prisca
776 4517 834 4579 est,
860 4511 913 4567 sed
935 4526 994 4568 non
1016 4515 1074 4566 tam
1098 4509 1214 4581 elegans
1238 4526 1326 4581 quam
1348 4513 1378 4566 in
1401 4512 1521 4570 Graccis

173 4622 201 4673 et
222 4615 399 4686 Pisonianis,
432 4616 520 4672 immo
546 4614 647 4672 rudior
675 4620 704 4671 et
731 4613 849 4671 modulo
872 4618 995 4683 maiore;
1030 4616 1097 4670 tin
1119 4619 1173 4670 3c.
1202 4613 1254 4670 ab.
1282 4618 1332 4670 li.
1359 4619 1441 4683 tha
1470 4632 1520 4672 re·

172 4721 299 4789 peritur,
326 4717 476 4790 rubique
499 4723 629 4789 apertam
651 4718 740 4774 habet
761 4717 910 4787 lunulam,
937 4733 962 4772 ιι
985 4734 1020 4774 ex
1042 4733 1124 4775 more
1147 4717 1266 4788 antiquo
1289 4716 1401 4774 duabus
1422 4732 1444 4772 Λ
1468 4735 1520 4777 co-

172 4824 298 4879 niunctis
319 4821 421 4876 similis
443 4827 497 4876 est.
545 4822 588 4876 De
611 4822 718 4877 ceteris
746 4820 818 4876 nihil
845 4821 1002 4878 noandum
1031 4821 1085 4876 nisi
1114 4819 1194 4891 quod
1215 4825 1333 4892 praeter
1354 4835 1373 4874 a
1396 4820 1521 4877 habetur

171 4927 201 4981 in
228 4942 258 4982 n.
282 4930 363 4990 l6,l
391 4938 426 4992 a,
460 4925 490 4979 in
517 4939 547 4980 n.
569 4928 652 4993 l6,2
681 4941 716 4981 ac
739 4924 860 4981 fortasse
890 4939 902 4980 a
938 4939 958 4978 Α
981 4929 1073 4979 exstat
1102 4922 1166 4979 talis
1191 4937 1214 4978 π
1245 4929 1273 4978 ει
1302 4927 1419 4993 praeter
1446 4937 1463 4978 ε
1490 4925 1520 4979 in

173 5045 201 5083 n.
222 5035 238 5085 8
263 5029 337 5084 haec
360 5040 379 5080 u
402 5026 505 5083 forma.

256 5129 465 5187 Difficillimum
484 5136 572 5202 atque
594 5129 832 5186 molestissimum
854 5144 974 5197 munus,
1002 5145 1060 5201 quo
1082 5128 1217 5200 periungi
1239 5126 1338 5196 debui,
1365 5133 1426 5184 erat
1448 5127 1515 5197 hcc,

174 5237 205 5288 ut
226 5249 362 5290 caverem
385 5248 402 5287 a
425 5232 605 5289 falsariorum
628 5231 797 5302 inachus,
825 5231 933 5304 quibus
955 5232 1027 5289 haec
1050 5234 1093 5287 rei
1115 5229 1319 5304 epigraphicae
1341 5245 1409 5302 pars
1431 5247 1521 5302 supra
