3922 6240
920 619 1077 669 GLANDES
1097 618 1300 669 assistant-s

941 1511 1082 1649 κ

786 1909 924 1965 «τ’
947 1869 1046 1961 bs.-

964 1988 992 2027 (Σ

448 2439 479 2490 6;
505 2431 576 2487 Tab.
597 2431 619 2485 ll
639 2435 687 2486 66.
736 2432 901 2501 Descripsi:
927 2422 1030 2507 alxv
1057 2423 1088 2507 [v
1111 2447 1213 2502 parum
1237 2438 1315 2487 certa
1338 2423 1406 2504 est).

446 2542 462 2595 2
487 2535 643 2605 Descripsi.
680 2534 713 2587 ln
727 2549 785 2589 una
801 2549 836 2589 ex
853 2536 958 2590 ceteris
973 2536 1048 2590 areis
1064 2534 1184 2590 tortasse
1196 2539 1336 2605 punctum
1352 2537 1454 2588 exstat.
1472 2560 1515 2570 -
1531 2531 1609 2586 lianc
1632 2536 1683 2586 aut
1703 2547 1790 2601 prae-

488 2638 640 2694 cedentem
664 2636 710 2692 ed.
731 2635 869 2698 Gabrielli
892 2637 914 2692 il
934 2637 1057 2711 palazzo
1081 2653 1153 2694 com.
1176 2640 1255 2694 6876
1279 2654 1309 2709 p.
1334 2640 1369 2692 60
1393 2635 1470 2706 ligno
1492 2635 1622 2690 incisam.

447 2748 462 2799 3
488 2741 635 2811 Descripsi
658 2745 687 2794 et
709 2741 862 2810 genuinam
885 2740 1021 2796 iudicavi.
1046 2769 1090 2779 -
1111 2740 1154 2796 Cl.
1180 2739 1217 2796 ad
1240 2739 1324 2795 lalsas
1348 2734 1415 2795 w.

448 2848 481 2902 t:
507 2843 577 2899 Tab.
597 2844 622 2898 ll
641 2847 689 2898 60.
737 2843 881 2912 Descripsi
914 2845 1021 2915 optime
1052 2849 1252 2900 conservatam
1281 2847 1310 2896 et
1338 2857 1424 2912 supra
1455 2839 1590 2908 exhibui3
1627 2842 1657 2896 in
1688 2841 1792 2897 ceteris

489 2949 565 3003 areis
587 2952 707 3015 excepta
726 2950 741 3002 3
759 2949 866 3016 puncta
887 2948 950 3000 sine
966 2944 1067 3001 ordine
1090 2947 1183 3016 posita
1211 2949 1292 3013 sunt;
1321 2945 1357 3000 cl.
1377 2960 1407 2999 ιι.
1428 2948 1478 3002 22.
1505 2971 1544 2981 -
1559 2943 1698 2999 Garrucoi
1722 2942 1787 3014 syll.

489 3066 519 3104 n.
541 3053 613 3106 962.

449 3157 483 3209 6;
510 3148 583 3208 Tab.
601 3152 626 3205 Il
646 3156 694 3209 62.
742 3152 906 3222 Descripsi;
934 3153 964 3205 in
985 3149 1048 3206 aliis
1070 3149 1164 3205 tribus
1186 3150 1262 3205 areis
1282 3155 1390 3220 puncta
1406 3155 1527 3204 exstant.
1555 3177 1593 3186 —
1618 3149 1660 3204 De
1682 3149 1794 3204 Minicis

491 3260 512 3308 t.
531 3255 612 3310 1767
636 3270 667 3324 p.
688 3258 763 3319 238;
798 3252 907 3309 llitschl
930 3259 951 3307 t.
970 3252 1011 3307 1x
1028 3257 1066 3309 69
1091 3268 1126 3307 ex
1148 3251 1313 3308 Marchiano
1337 3251 1482 3323 exemplo,
1511 3266 1547 3305 ex
1569 3250 1613 3306 his
1635 3251 1794 3307 Mommsen

490 3373 520 3412 u.
541 3361 617 3424 666;
644 3356 682 3412 ci.
702 3355 841 3412 Garrucci
864 3371 893 3410 ιι.
915 3360 972 3413 962
998 3358 1048 3426 qui
1072 3354 1110 3410 de
1132 3355 1223 3412 torma
1245 3354 1358 3426 plumbi
1380 3360 1474 3422 tacet;
1501 3355 1643 3426 Ruggiero
1666 3370 1698 3409 n.
1718 3357 1791 3411 226.

450 3464 478 3516 6.
507 3463 524 3515 7
550 3459 711 3514 Mommsen
733 3457 811 3513 Ball.
836 3456 901 3513 dell’
918 3459 988 3513 list.
1019 3461 1097 3514 6862
1121 3473 1152 3527 p.
1173 3459 1210 3512 60
1243 3458 1461 3528 inscriptionem
1490 3462 1600 3512 tantum
1629 3457 1795 3526 significans

491 3559 591 3616 verbis
618 3567 747 3634 speltore
779 3559 841 3615 olla
872 3559 980 3631 topicae
1001 3560 1064 3616 XV.
1097 3588 1141 3596 —
1169 3559 1269 3615 Falsae
1299 3575 1364 3615 esse
1392 3564 1525 3631 possunt,
1558 3557 1794 3630 quandoquidem

491 3663 637 3718 officinam
659 3660 850 3728 Asculanam,
884 3664 967 3718 cuius
994 3661 1111 3717 fraudes
1129 3661 1178 3734 ¹vel
1204 3663 1410 3731 peritissimum
1433 3676 1580 3732 quemque
1604 3659 1792 3732 deceperunt,

490 3772 560 3821 tunc
584 3766 640 3820 iam
664 3765 880 3835 inscriptionem
904 3777 977 3817 mxv
1000 3764 1152 3820 excudisse
1175 3763 1292 3820 aliunde
1315 3770 1426 3821 constat
1445 3757 1484 3839 (v.
1505 3757 1562 3821 66*
1577 3757 1615 3836 a).
1663 3762 1720 3818 Sed
1744 3778 1797 3818 ex-

492 3868 611 3922 aminari
629 3867 724 3924 denuo
741 3883 799 3924 non
820 3872 987 3938 potuerunt,
1015 3882 1082 3922 nam
1096 3867 1259 3937 Depolettio
1277 3872 1391 3923 mortuo
1414 3865 1534 3938 glandes
1549 3881 1622 3938 quas
1645 3865 1797 3934 collegerat

493 3969 640 4040 dispersas
662 3984 727 4024 esse
749 3971 906 4026 sciscitanti
930 3968 999 4024 mihi
1016 3969 1104 4026 Roma
1127 3969 1278 4038 rescripsit
1299 3970 1495 4026 Mommsenus
1518 3985 1557 4024 m.
1576 3969 1677 4024 Martio
1703 3972 1794 4025 6882.

536 4107 667 4161 Fortasse
690 4106 789 4161 mutila
813 4111 875 4162 erat
897 4113 926 4162 et
947 4105 1005 4162 huc
1035 4106 1188 4162 reseranda
1211 4112 1255 4162 est
1277 4106 1358 4177 glans
1380 4107 1474 4162 musei
1495 4106 1628 4176 Borgiani
1649 4106 1681 4160 di
1702 4105 1799 4178 somno

451 4208 649 4282 quadrilatera
672 4224 739 4266 cum
761 4223 883 4264 numero

1100 4325 1144 4367 xv

451 4430 540 4486 Catal.
561 4432 653 4486 musei
669 4430 801 4501 Borgiani
816 4447 844 4485 a.
859 4433 950 4499 6866,
971 4430 1017 4487 ed.
1037 4433 1067 4485 in
1083 4432 1250 4488 Documento·
1263 4431 1363 4488 inediti
1384 4431 1396 4483 1
1416 4422 1520 4504 (6878)
1541 4445 1571 4499 p.
1584 4432 1656 4486 306.
1683 4427 1801 4483 Ceteras

455 4525 537 4609 (tres)
565 4532 698 4588 eiusdem
719 4533 813 4588 musei
836 4533 956 4602 glandes
979 4540 1092 4615 constat
1115 4550 1180 4590 esse
1202 4534 1334 4590 Picenas.
1360 4519 1404 4572 -’
1426 4531 1467 4588 Cf.
1485 4531 1522 4586 ad
1539 4545 1568 4585 n.
1590 4535 1628 4588 26
1653 4533 1683 4585 in
1705 4530 1773 4584 tiae.

451 4711 495 4778 24
514 4715 567 4796 [=
582 4720 668 4789 Corp.
689 4720 729 4774 lX
752 4735 781 4773 ιι.
803 4723 896 4788 6086,
914 4715 995 4796 xxiv]
1037 4725 1063 4777 t.
1084 4727 1114 4779 2.
1135 4727 1164 4778 3.
1186 4725 1201 4779 6
1226 4720 1324 4778 Asculi
1346 4719 1530 4778 hauddubie
1552 4735 1616 4790 rep.
1638 4713 1679 4793 [in
1702 4733 1803 4773 museo

539 4823 685 4878 Asculano
707 4825 856 4888 mitta.
887 4825 978 4881 6662.
1008 4827 1099 4880 6666.
1128 4827 1208 4880 6666
1232 4841 1258 4879 a.
1282 4828 1360 4882 6872
1389 4823 1593 4879 aLazzarinio
1615 4811 1800 4894 acquisitae].

539 4925 669 4982 Pendeat
693 4929 743 4992 67,
773 4929 823 4992 38,
852 4929 902 4994 66,
931 4930 970 4982 66
994 4943 1039 4998 gr.

498 5033 514 5086 6
540 5031 569 5084 in
592 5027 752 5084 castellano
775 5043 838 5099 rep.
868 5021 908 5102 [in
931 5044 1032 5087 museo
1048 5029 1191 5087 Asculano
1219 5021 1351 5106 t8ioflt
1380 5045 1410 5085 n.
1434 5021 1541 5103 6076).
1573 5024 1684 5083 Pendet
1702 5029 1738 5082 66
1756 5040 1800 5094 gr.

500 5138 515 5188 6
540 5131 571 5186 in
593 5128 753 5186 castellano
776 5145 840 5199 rep.
870 5124 910 5206 [in
925 5147 1000 5188 mus.
1020 5130 1088 5188 Asc.
1118 5122 1255 5210 {Sillii
1280 5148 1309 5188 n.
1334 5123 1440 5205 6322].
1466 5129 1576 5186 Pendet
1592 5131 1631 5186 66
1648 5144 1692 5199 gr.

499 5238 516 5290 7
540 5235 571 5289 in
593 5232 751 5289 Castellano
774 5248 837 5302 rep.
867 5226 908 5308 [in
930 5249 1006 5290 mas.
1032 5233 1100 5292 Asc.
1131 5239 1209 5293 6873
1235 5251 1263 5290 ιι.
1295 5227 1402 5308 total.
1439 5232 1548 5289 Pendet
1574 5235 1610 5288 63
1628 5246 1671 5301 gr.

501 5333 640 5391 8Asculi
661 5349 726 5405 rap.
756 5327 796 5409 [in
819 5349 895 5392 mus.
920 5335 989 5393 Asc.
1021 5341 1099 5395 6873
1124 5353 1153 5392 ιι.
1185 5330 1290 5412 6663].
1338 5335 1449 5392 Pendet
1474 5341 1511 5392 38
1537 5350 1580 5406 gr.
