3902 6238
732 640 931 690 PRAEFATIO.
1435 651 1503 698 x111

158 811 344 889 Asculanos,
371 810 428 873 sed
452 811 548 872 etiem
572 812 604 872 in
627 810 691 872 illis
714 829 812 873 unum
840 813 1005 892 exemplar
1027 810 1156 874 maximi
1179 821 1342 893 repertum
1366 822 1414 875 est
1435 833 1505 875 mo-

158 913 228 978 duli
251 933 286 976 n.
304 915 356 975 89.
374 947 419 959 -
433 912 565 975 Glandis
588 912 848 994 Pompeianorum
872 915 1031 994 Hispanae
1054 933 1086 976 n.
1114 916 1154 976 te
1178 914 1303 995 pondus
1326 916 1500 996 ignoratur,

159 1038 201 1080 ex
224 1017 330 1098 effigie
353 1025 460 1079 autem
486 1014 595 1096 (opit
619 1016 720 1097 longa)
754 1025 888 1097 apparet
918 1017 1046 1080 modulo
1070 1037 1138 1080 eam
1162 1018 1294 1098 propius
1315 1015 1439 1098 afuisse,
1463 1017 1503 1079 ab

157 1119 327 1183 Asculanis
358 1138 453 1200 quarn
484 1139 502 1180 a
534 1120 757 1182 Perusinorum
785 1120 961 1200 plerisque.
1019 1117 1161 1181 Alterius
1190 1119 1315 1199 glandis
1345 1119 1502 1200 Hispanae

158 1244 191 1285 n.
211 1223 252 1284 50
276 1222 401 1302 pondus
424 1231 473 1284 est
496 1222 548 1296 23,
566 1242 593 1285 es
617 1241 665 1302 gr.
684 1221 887 1303 —Denique
903 1223 1028 1304 glandis
1043 1222 1219 1285 Salvidieni
1241 1241 1274 1283 n.
1293 1222 1328 1282 5)
1358 1223 1503 1304 exempla

158 1327 220 1388 tria
250 1325 302 1404 52,
321 1345 349 1388 so
372 1343 418 1404 gr.
448 1323 509 1405 (7),
547 1324 588 1386 75
611 1344 659 1406 gr.
690 1323 744 1407 (8),
792 1324 845 1405 78,
863 1346 891 1390 ro
913 1343 959 1406 gr.
988 1325 1030 1407 (6)
1061 1325 1206 1407 pendent
1238 1326 1396 1407 longaque
1429 1333 1504 1389 sunt

158 1429 243 1492 inter
266 1429 304 1490 lt
329 1436 362 1490 ει
384 1427 423 1487 50
440 1446 516 1490 mm.
1178 1451 1182 1460 ·
1299 1435 1300 1438 ’

245 1530 441 1610 llobiginem,
469 1548 531 1611 qua
554 1527 685 1610 glandes
707 1529 862 1593 obductae
886 1549 956 1593 esse
978 1533 1096 1611 solent,
1128 1531 1311 1593 examinare
1338 1549 1402 1593 non
1431 1531 1504 1593 nul-

159 1634 222 1697 lius
246 1644 294 1696 est
316 1634 469 1695 momenti
498 1632 538 1694 ad
569 1632 797 1696 discernendas
826 1633 982 1714 genuinas
1005 1654 1023 1696 a
1045 1634 1175 1714 spuriis'.
1222 1635 1256 1694 ln
1287 1653 1350 1714 qua
1373 1653 1408 1696 rc
1429 1633 1504 1695 licet

161 1737 234 1818 plus
258 1736 442 1819 proficiatur
464 1736 648 1798 oculis-usu
678 1737 860 1799 exercitatis
889 1755 983 1817 quam
1006 1736 1229 1817 descriptione,
1260 1755 1376 1816 genera
1399 1744 1503 1799 tamen

157 1837 314 1920 quaedam
338 1837 479 1900 breviter
502 1838 711 1918 significanda
733 1849 819 1902 sunt.
863 1841 979 1902 Multae
999 1837 1131 1920 glandes
1155 1840 1332 1920 robiginem
1353 1837 1504 1901 exhibent

158 1943 276 2022 gilvam
300 1941 425 2020 duram,
451 1941 544 2004 modo
566 1942 668 2004 levem
685 1997 688 2003 .
704 1940 795 2022 (sicut
818 1943 1006 2005 Graecarum
1029 1943 1219 2023 permultae)
1247 1941 1338 2003 modo
1361 1941 1503 2004 scabram

163 2041 214 2125 (ci.
241 2043 306 2106 tab.
324 2045 376 2106 Vll
392 2044 436 2126 7),
463 2063 583 2126 paucae
606 2044 835 2126 ferruginosam
857 2045 973 2107 levem.
1009 2041 1183 2107 Asculanae
1206 2045 1239 2105 in
1262 2063 1344 2124 aqua
1367 2045 1503 2125 reperiri

157 2148 273 2227 solent,
299 2165 362 2227 quo
385 2156 491 2218 tamen
522 2167 562 2210 ex
592 2150 676 2229 agris
698 2149 813 2210 vicinis
843 2146 911 2210 lere
933 2158 1010 2210 sunt
1031 2147 1218 2226 devolutae;
1252 2147 1338 2210 unde
1360 2147 1504 2228 explica-

156 2260 229 2328 tur,
271 2250 356 2330 quod
383 2249 557 2330 robiginis,
594 2270 676 2331 quae
705 2251 737 2312 in
769 2259 853 2313 terra
882 2251 921 2313 iis
949 2261 1151 2331 excreverat,
1188 2250 1357 2314 nonnullae
1388 2249 1505 2312 habent

156 2353 324 2434 reliquias,
350 2354 522 2434 pleraeque
545 2353 651 2416 nudae
674 2365 767 2430 sunt;
793 2353 851 2415 sed
872 2355 1058 2434 superficies
1080 2351 1274 2434 quibusdam
1296 2363 1345 2415 est
1366 2361 1430 2414 tam
1453 2352 1504 2414 in-

155 2455 291 2533 durata,
325 2465 361 2518 ut
383 2457 411 2518 si
434 2451 581 2536 glandem
604 2455 836 2536 candefaceris,
863 2457 996 2519 nucleus
1018 2455 1207 2536 liquefactus
1230 2464 1371 2532 emanet,
1396 2464 1503 2517 crusta

156 2567 264 2620 autem
294 2565 428 2620 externa
457 2559 549 2639 quasi
578 2567 687 2621 cortex
721 2559 930 2639 relinquatur.
990 2558 1025 2620 ld
1059 2557 1144 2638 quod
1176 2559 1208 2619 iu
1235 2577 1299 2620 uno
1328 2559 1504 2637 exemplari

159 2659 285 2736 [arctum⁴
308 2659 393 2738 vidi,
432 2659 517 2741 quod
545 2660 775 2724 Feuardentius
806 2662 998 2736 transmisit,
1035 2659 1142 2741 glandi
1175 2661 1396 2741 antiquitatem
1426 2660 1503 2721 mihi

157 2761 354 2842 probatmus
377 2762 435 2824 boo
457 2772 660 2846 argumento,
686 2762 924 2826 subministrato
947 2763 994 2825 illi
1016 2782 1034 2824 a
1056 2761 1294 2841 venditoribus,
1321 2763 1404 2824 sicut
1426 2762 1502 2824 mihi

156 2887 174 2928 a
199 2864 387 2928 Venturinio
416 2867 545 2928 aurifice
566 2864 724 2928 Asculano
752 2867 803 2948 (cl.
829 2887 861 2947 p.
881 2868 921 2927 99
945 2864 1056 2946 extr).
1117 2864 1313 2939 Quibusdam
1337 2865 1504 2928 Asculanis

157 2966 330 3048 glandibus
352 2988 439 3032 nunc
453 2969 538 3032 color
558 2970 650 3050 niger
672 2979 727 3031 aut
742 2967 840 3031 ruber
854 2978 912 3050 est,
940 2967 1015 3030 inde
1032 2977 1135 3047 natue,
1162 2969 1246 3050 quod
1270 2968 1356 3030 iuxta
1381 2968 1502 3049 lignum

156 3077 347 3152 putrescens
368 3081 424 3134 aut
446 3071 565 3135 ferrum
588 3073 708 3153 positae
731 3069 870 3134 fuerunt.
888 3107 931 3117 -
953 3071 1128 3134 Nonnullae
1150 3072 1300 3152 aerugine
1322 3070 1418 3133 viridi
1440 3070 1499 3132 ob-

155 3173 271 3236 ductae
294 3183 382 3252 sunt,
413 3183 520 3236 utrum
543 3193 618 3237 casu
640 3193 679 3236 an
705 3171 816 3235 fraude
851 3175 973 3253 nescio,
1006 3193 1054 3236 ex.
1081 3193 1128 3255 gr.
1154 3182 1219 3235 tres
1242 3172 1390 3255 glandes,
1417 3192 1499 3252 quae

154 3274 364 3338 Woodhousii
387 3277 490 3358 legato
513 3277 586 3340 inde
609 3276 651 3340 ab
674 3277 712 3338 lt
730 3278 794 3339 lan.
815 3275 897 3337 4868
921 3279 954 3339 in
969 3295 1078 3339 museo
1095 3277 1270 3339 Britannico
1292 3276 1500 3338 adservantur

158 3379 205 3460 (n.
224 3378 277 3439 56.
295 3377 349 3440 57.
368 3379 435 3460 54);
462 3398 544 3460 quae
566 3399 618 3442 res
641 3379 769 3443 induxit
784 3380 980 3459 Vischerum,
1006 3389 1042 3442 ut
1058 3381 1169 3442 harum
1185 3380 1331 3442 ultimam
1346 3379 1496 3441 aheneam

153 3499 226 3543 esse
256 3491 383 3562 putaret
409 3479 573 3564 (Schriften
595 3482 621 3542 ll
650 3502 682 3563 p.
705 3477 750 3564 8).
797 3483 876 3544 ltem
899 3501 958 3563 per
980 3501 1120 3545 errorem
1142 3484 1280 3546 aheneae
1303 3501 1373 3545 esse
1396 3479 1498 3543 dictae

153 3593 230 3647 sunt
251 3583 386 3665 glandes
409 3585 510 3648 musei
533 3585 723 3662 Florentini3
755 3583 828 3647 vide
862 3604 895 3666 p.
919 3585 1012 3647 XXV.
1064 3585 1132 3646 Duo
1163 3585 1354 3666 exemplaria
1383 3585 1497 3664 anepi-

154 3685 277 3767 grapha
309 3689 426 3752 ahenea
452 3689 636 3751 memoravit
664 3687 784 3767 Alessi,
820 3689 928 3752 lettera
951 3688 1033 3749 4845
1056 3708 1088 3768 p.
1110 3688 1160 3768 le,
1193 3706 1293 3749 unum
1315 3687 1419 3749 musei
1441 3687 1499 3748 ba-

155 3789 243 3852 ronis
258 3787 371 3852 bstuto
395 3791 427 3852 in
451 3790 567 3872 oppido
590 3792 666 3854 Noto
693 3790 865 3873 (repertum
888 3788 1062 3872 initalia),
1087 3791 1221 3852 alterum
1244 3809 1284 3851 ex
1306 3787 1344 3850 Α.
1362 3791 1400 3851 ll.
1420 3791 1499 3870 Lupi

153 3891 296 3968 dissert,
315 3892 374 3955 teu.
405 3893 533 3975 [Faenza
552 3893 645 3975 4785]
672 3895 734 3956 vol.
753 3895 814 3974 lp.
833 3893 907 3972 255,
933 3894 988 3974 qui
1011 3901 1116 3955 tamen
1139 3892 1254 3973 flagelli
1277 3901 1398 3973 partem
1426 3889 1499 3973 (non

153 3993 264 4071 telum)
293 3993 390 4058 inisse
408 3997 462 4058 ait.
489 4031 530 4042 -
555 3996 673 4059 Coloris
695 3997 842 4076 caerulei,
869 3997 923 4077 qui
948 3997 978 4058 in
1003 3995 1117 4076 glande
1140 4015 1172 4057 n.
1193 3996 1273 4074 68,s
1295 4003 1409 4073 exstat,
1434 3995 1500 4055 ori-

155 4097 264 4175 ginem
294 4094 339 4156 ibi
369 4097 519 4161 indicavi.
557 4134 593 4144 -
627 4098 765 4161 Glandes
794 4099 912 4162 aculeis
941 4096 1055 4161 ferreis
1086 4100 1224 4161 munitas
1256 4099 1425 4160 memoravi
1457 4095 1498 4159 ad

153 4217 188 4259 n.
207 4199 258 4260 22.

244 4301 279 4363 ln
303 4304 466 4366 nonnullis
488 4304 657 4385 glandibus
686 4305 910 4387 anepigraphis
936 4322 1037 4386 prope
1059 4323 1159 4367 unum
1187 4303 1331 4366 aculeum
1360 4300 1499 4364 ioramen

20 4445 21 4460 .
154 4389 276 4481 exstat,
310 4423 360 4467 ex.
385 4425 434 4487 gr.
460 4407 493 4470 in
522 4426 586 4469 una
617 4408 719 4470 musei
748 4407 936 4490 Syracusani
965 4416 1090 4487 reperta
1113 4405 1199 4488 apud
1221 4407 1394 4487 Syracusas
1416 4403 1500 4466 iuter

152 4508 307 4589 Neapolin
323 4517 355 4570 et
370 4509 496 4591 Tychen
513 4510 580 4591 (ubi
596 4531 629 4573 n.
647 4531 668 4572 a
683 4521 715 4573 ει
729 4510 746 4572 b
761 4530 833 4592 pag.
853 4509 898 4593 i),
924 4510 956 4572 in
972 4511 1032 4572 alia
1049 4501 1198 4572 Perusiae
1218 4516 1344 4589 reperta
1366 4515 1399 4568 ει
1414 4525 1500 4568 nuuc

153 4610 195 4672 ab
225 4611 340 4673 comite
369 4613 574 4675 Bessi-Scotti
605 4622 744 4692 servata,
783 4614 815 4674 in
848 4613 943 4676 tertia
972 4613 1074 4674 musei
1096 4609 1350 4675 vindobonensis
1380 4608 1498 4671 formae

154 4713 306 4776 Graecae.
354 4714 530 4778 Guilelmus
561 4717 707 4796 Vischer,
742 4716 895 4799 Schriften
918 4717 944 4777 ll
966 4717 1043 4796 p.9
1077 4713 1127 4795 [ci.
1154 4734 1186 4796 p.
1219 4712 1308 4793 250),
1334 4714 1389 4792 qui
1413 4710 1499 4772 idem

22 4853 23 4862 .
153 4817 187 4878 in
218 4815 390 4897 glandibus
419 4818 546 4881 Graecis
572 4818 754 4883 observavit
793 4819 886 4899 [duae
910 4827 1159 4879 κΑΛΛιεΤΡΑΤοΥ
1182 4836 1295 4880 nomen
1318 4814 1497 4895 exhibent),

155 4918 360 4981 Woodhousii
383 4921 594 4984 coniecturam
610 4923 712 5003 affert,
739 4921 884 4985 foramini
905 4941 922 4984 a
939 4920 1152 4983 funditoribus
1171 4921 1305 4982 insertas
1320 4936 1390 4980 εεεε
1406 4916 1500 4979 sche-

152 5021 246 5084 dulas
272 5023 458 5103 iuscriptas,
490 5043 562 5087 cum
589 5025 732 5088 hostibus
754 5044 813 5106 per
836 5024 1045 5106 proditionem
1074 5019 1361 5084 communicandas.
1408 5019 1499 5092 Quod

151 5143 348 5204 quamquam
371 5124 488 5189 iactum
511 5146 581 5190 esse
596 5147 687 5209 posse
709 5146 772 5191 non
788 5127 971 5209 negaverim
981 5125 1020 5207 ¹),
1046 5133 1150 5207 potest
1164 5133 1269 5187 tamen
1292 5123 1353 5185 alia
1369 5141 1497 5204 quoque

224 5283 248 5342 ι)
276 5281 394 5346 sagittas
415 5282 450 5333 ad
481 5282 552 5334 hanc
575 5296 632 5334 rem
662 5281 796 5333 adbibitus
824 5295 884 5333 esse
914 5282 1067 5332 memorant
1097 5278 1225 5330 lierodot.
1251 5278 1323 5339 Vlll,
1351 5280 1399 5326 ιιι
1425 5277 1497 5338 (inde

152 5367 260 5418 Aeneas
279 5367 395 5433 poliorc.
417 5371 444 5417 ιι
468 5365 551 5433 526),
576 5367 710 5420 Plutarch.
735 5367 847 5418 Cimone
867 5371 913 5427 ιις
945 5363 1071 5433 ὀξυβελῶν
1090 5361 1154 5433 βέλη
1173 5363 1297 5430 Polyaen.
1317 5365 1392 5415 strat.
1413 5363 1435 5414 ll
1450 5366 1496 5424 ts;
