3922 6240
600 627 758 680 onaunns
776 627 926 680 omanus
944 629 1128 681 mosoma:
1487 615 1534 688 87

215 817 245 902 b)
271 823 385 881 Plumbi
408 823 514 880 lamina
535 799 617 880 rudis
642 827 738 896 o,035
759 825 838 896 larga
861 828 889 881 at
912 825 973 882 lere
995 825 1165 883 tantundem
1187 824 1283 895 longa,
1310 828 1406 891 0,003
1425 839 1533 894 crassa,

272 927 406 1000 pendens
430 931 468 984 00
493 943 551 998 gn,
585 943 660 998 quae
684 943 719 984 ex
743 927 875 984 Cioitello
896 928 1027 997 d'Arrm,
1060 927 1179 985 castello
1202 928 1274 983 eino.
1302 931 1382 984 7000
1409 933 1493 984 metr.
1520 943 1537 984 a

273 1031 390 1087 Penmia
417 1029 534 1086 distanti
562 1030 697 1101 provenit
720 1035 749 1086 ot
769 1045 848 1085 nuno
873 1035 917 1087 est
943 1030 1020 1102 apud
1048 1029 1303 1088 Rossi-Soottium.
1357 1029 1390 1085 ln
1414 1044 1473 1086 uno
1501 1045 1538 1085 ex

273 1134 336 1189 eius
363 1131 503 1190 lateribus
530 1133 660 1203 angustis
688 1135 821 1190 incusum
848 1138 892 1189 est
918 1124 995 1209 (area
1019 1135 1119 1191 incuso
1144 1137 1218 1203 0,03
1244 1125 1331 1210 larga]
1359 1133 1460 1190 litteris
1482 1146 1537 1189 exe

275 1233 420 1292 stantibus
441 1233 545 1292 bonis:

783 1368 835 1409 Vlll
854 1382 861 1397 ·
879 1368 939 1411 ΝΑ8

186 1509 344 1579 Descripsi.
374 1537 418 1549 -
445 1508 498 1564 Ed.
525 1506 715 1565 llossi-Sootti
741 1509 889 1582 periodieo
918 1509 948 1564 oli
974 1511 1106 1566 numism.
1130 1509 1167 1565 lll
1190 1501 1295 1585 (0070)
1330 1524 1359 1579 p.
1383 1512 1440 1567 020
1471 1524 1537 1565 oum

187 1614 323 1682 imagine.

277 1715 364 1770 Vir...
390 1713 491 1770 Nos...
522 1707 637 1788 (nomen
666 1713 845 1785 gentilicium
873 1718 901 1769 00
923 1707 1109 1792 cognomen).
1135 1743 1178 1755 -
1200 1714 1265 1771 Non
1287 1722 1367 1771 reete
1392 1713 1472 1786 glans
1496 1720 1540 1770 ast

187 1817 282 1886 diota;
309 1815 424 1874 obstant
446 1817 524 1872 onim
546 1821 604 1872 tam
627 1815 720 1873 torma
743 1831 831 1887 quam
853 1815 965 1873 litterae
988 1819 1117 1874 incusso.
1158 1819 1250 1874 lmmo
1274 1817 1401 1874 inlusum
1423 1815 1539 1873 videtur

187 1921 278 1976 luisse
293 1915 447 1990 plumbum
470 1921 499 1975 in
515 1918 640 1990 lapidem
658 1918 694 1974 ad
717 1934 845 1990 eumque
868 1918 1040 1990 signandum
1061 1919 1107 1976 bis
1128 1918 1231 1976 litteris
1254 1921 1397 1976 incusum.
1435 1919 1539 1976 Similis

187 2024 297 2081 formae
330 2021 533 2094 inscriptiones
565 2019 711 2079 habentur
746 2021 823 2094 apud
856 2021 1045 2078 Garruooium
1072 2021 1181 2096 plomba·
1209 2022 1311 2078 Altiera'
1343 2023 1423 2079 0807
1456 2029 1475 2079 0.
1502 2026 1531 2095 3,

189 2129 242 2185 00.
262 2129 319 2193 2⁴3
358 2124 396 2180 ol.
422 2124 516 2194 idem,
550 2126 749 2182 dissertosiooi
771 2125 848 2181 areb.
875 2126 900 2180 ll
933 2128 1012 2183 0000
1036 2141 1067 2195 p.
1088 2130 1125 2183 80
1157 2123 1315 2182 et'Bruzza
1337 2125 1443 2182 Annali
1471 2125 1531 2182 dell

187 2229 258 2284 last.
280 2230 360 2285 0070
384 2243 415 2299 p.
437 2230 495 2284 000
512 2243 577 2300 sqq.

273 2330 405 2400 Denique
428 2329 558 2386 eiusdem
581 2330 703 2389 fortasse
724 2331 839 2402 generis
867 2336 911 2387 ast
932 2329 1084 2400 plumbum
1106 2345 1198 2402 prope
1221 2329 1406 2402 llarburgum
1430 2329 1532 2386 Stiriae

187 2439 350 2505 repertum,
384 2440 634 2504 memoratumque
663 2435 692 2488 in
716 2433 933 2505 Mittbeiloapeo
960 2434 1010 2490 der
1032 2431 1327 2490 Oentreloommlosa'oo
1352 2434 1432 2491 0070
1456 2431 1492 2489 lv
1516 2437 1532 2490 3

187 2552 219 2608 p.
238 2534 382 2591 LXXXlll
404 2551 434 2590 n.
461 2538 476 2592 0
505 2532 542 2591 ab
569 2534 688 2593 Allonso
711 2534 853 2591 iiuellner
885 2531 931 2611 (de
961 2551 1019 2607 quo
1050 2536 1089 2592 ol.
1119 2535 1241 2607 prom.
1266 2536 1303 2592 lv
1330 2551 1359 2606 p.
1387 2529 1457 2610 035)
1488 2535 1534 2592 bis

187 2636 303 2695 verbis:
334 2637 391 2694 Aoo
412 2637 475 2694 Blea'
497 2639 541 2694 ein
565 2638 780 2711 eipeatleiimliob
801 2638 956 2712 peformter
977 2639 1106 2713 Zopseo,
1139 2640 1249 2696 deren
1272 2640 1360 2694 eioem
1383 2638 1461 2694 Eudo
1483 2637 1536 2695 ab·

190 2739 324 2814 pallacii,
353 2757 399 2796 om
423 2741 531 2798 andero
552 2744 584 2797 in
607 2743 666 2797 0000
688 2740 784 2815 Spitae
807 2742 898 2814 sodet,
923 2742 1066 2798 vielleioltt
1089 2744 1134 2799 eiu
1156 2741 1446 2813 Sobleoderpesoltoeo.
