3902 6238
742 633 942 686 aaaararro.
1478 645 1519 693 Ιχ
1596 614 1601 623 “

173 820 206 870 et
228 819 333 870 mente
356 826 419 869 non
443 807 545 868 tenaci
569 806 725 886 opinionis
753 816 825 867 ante
848 816 1017 884 conceptae
1041 804 1096 865 sed
1120 804 1240 886 ubique
1262 807 1303 868 ad
1326 826 1395 869 eam
1418 808 1518 869 corri-

173 910 307 989 gendam
339 929 450 991 prona.
498 909 639 971 Priorum
671 909 702 970 in
734 906 878 989 legendis
907 905 1076 986 glandibus
1104 909 1252 988 genuinis
1275 918 1306 971 et
1335 913 1518 990 spuriarum

173 1011 408 1092 antiquioribus
418 1011 438 1092 ¹]
473 1029 598 1074 errores
621 1012 716 1073 etiam
744 1009 799 1072 nbi
824 1028 877 1071 res
905 1028 991 1070 nunc
1014 1010 1176 1090 explorata
1199 1021 1248 1072 est
1269 1012 1383 1074 atlerre
1406 1032 1519 1076 neces-

173 1116 292 1176 sarium
323 1115 383 1177 tuit
412 1115 444 1175 in
473 1115 543 1176 aliis
572 1132 708 1194 quarum
737 1114 912 1175 averitate
942 1114 984 1173 ita
1013 1111 1150 1175 discedit
1177 1115 1286 1193 lectio,
1322 1125 1358 1176 ut
1385 1113 1518 1178 eandem

174 1219 413 1298 inscriptionem
441 1237 512 1280 esse
535 1218 663 1298 agnosci
686 1216 742 1278 vix
764 1217 892 1296 queat,'
912 1216 944 1276 in
967 1216 1037 1277 aliis
1060 1215 1223 1296 pluribus,
1250 1235 1384 1296 quarum
1408 1218 1518 1280 falsam

173 1321 340 1382 lectionem
359 1321 516 1402 vulgatam
540 1321 761 1400 repetivemnt
783 1318 915 1394 falsarii,
943 1318 1017 1380 inde
1040 1317 1130 1380 facile
1153 1319 1276 1382 fraudis
1291 1320 1493 1401 coarguendi.

260 1438 391 1502 Tabulis
413 1437 546 1501 exhibui
576 1437 739 1519 glandium
762 1440 973 1520 genuinarum
997 1439 1128 1518 multas,
1162 1440 1342 1519 spuriarum
1365 1439 1515 1523 aliquot²)

175 1543 330 1622 imagines
358 1541 399 1604 ad
428 1542 598 1623 archetypa
628 1542 680 1603 vel
711 1541 852 1623 eclypsi)
888 1559 905 1602 a
935 1543 1104 1623 phototypo
1135 1544 1177 1603 ita
1200 1541 1336 1620 effictas,
1373 1551 1409 1604 ut
1440 1542 1519 1603 nihil

173 1645 302 1707 omnino
332 1653 569 1706 retractaretur.
623 1645 700 1705 Nam
730 1654 765 1706 ut
794 1644 871 1704 baec
900 1660 951 1704 res
980 1651 1066 1705 tanto
1094 1662 1190 1724 opere
1221 1645 1251 1705 in
1275 1646 1518 1706 controversiam

174 1746 312 1809 adducta
335 1755 367 1808 et
395 1756 441 1808 tot
469 1746 572 1809 adhuc
594 1744 880 1828 disceptationibus
905 1747 1021 1826 agitata
1043 1746 1291 1826 diiudicaretur‚
1323 1748 1400 1808 haec
1422 1746 1519 1809 editio

174 1869 237 1912 non
266 1859 390 1931 poterat
420 1868 529 1911 carere
552 1848 743 1930 imaginibus
772 1859 840 1911 arte
870 1867 956 1910 merc
985 1850 1166 1912 mechanica
1196 1849 1296 1911 laetis.
1343 1851 1411 1911 Non
1434 1851 1518 1912 enim

175 1955 292 2015 mirum
309 1963 369 2032 cst,
396 1953 422 2013 si
445 1971 533 2014 nunc
548 1951 678 2032 quidem
695 1952 727 2012 in
752 1952 810 2013 boc
833 1952 1075 2032 inscriptionum
1092 1971 1208 2031 genere
1225 1951 1265 2014 ad
1288 1962 1406 2014 tantam
1422 1951 1519 2015 dubi-

174 2056 326 2117 tationem
347 2064 493 2116 revooato
515 2073 608 2115 nemo
631 2055 802 2139 quiequam
825 2055 887 2115 nisi
909 2053 994 2133 quod
1017 2056 1149 2117 suismet
1171 2056 1271 2118 oculis
1295 2054 1421 2134 viderit,
1448 2075 1520 2118 cre-

174 2157 252 2220 dere
275 2157 382 2219 audet.
431 2155 480 2217 ad
504 2157 584 2218 bano
612 2158 711 2237 igitur
734 2175 801 2218 rem
825 2156 865 2235 ii,
897 2156 1016 2237 quibus
1045 2157 1213 2238 archetypa
1244 2159 1311 2238 ipsa
1335 2158 1518 2220 examinare

174 2260 351 2340 nonlicet,
387 2268 518 2322 utantur
539 2258 658 2322 tabulis
687 2259 737 2320 his
765 2260 805 2321 ab
828 2260 913 2320 omni
937 2259 1070 2340 legentis
1099 2269 1131 2321 et
1157 2259 1282 2322 edentis
1304 2258 1519 2323 additamento

76 2369 81 2378 '
175 2381 309 2442 prorsus
332 2361 451 2424 liberis.
492 2363 648 2442 Imagines
671 2359 833 2442 glandium
857 2362 996 2442 ipsarum
1020 2362 1270 2443 magnitudinem
1294 2362 1459 2426 exhibent.
1476 2400 1520 2410 -

176 2467 343 2528 Praeterea
371 2466 490 2527 inserui
527 2465 627 2527 textui
658 2464 826 2527 nonnullas
854 2465 1007 2545 imagines
1036 2463 1227 2546 delineatae,
1254 2451 1344 2546 'quas
1375 2467 1519 2528 lectionis

177 2567 299 2650 meae⁴l
333 2578 494 2652 tamquam
523 2569 714 2649 interpretes
743 2587 813 2630 esse
843 2569 941 2630 volui.
994 2568 1109 2629 &rum
1142 2569 1222 2631 aliae
1251 2578 1326 2630 sunt
1355 2566 1517 2649 glandium

176 2680 240 2732 tam
269 2669 475 2751 detritarum,
513 2679 549 2733 ut
576 2680 644 2733 arte
677 2670 888 2752 photographi
916 2687 1016 2750 pauca
1045 2670 1176 2750 vestigia
1197 2668 1354 2731 ¹exbiberi
1383 2672 1515 2750 possint,

174 2773 256 2836 aliae
272 2773 426 2853 quaedam
444 2771 618 2836 secundum
634 2774 811 2854 apographa
834 2792 903 2835 mea
926 2782 1001 2834 sunt
1023 2771 1167 2855 saetosi).
1184 2807 1226 2818 -
1245 2773 1388 2853 Denique
1410 2793 1443 2854 p.
1463 2773 1514 2835 37.

177 2877 229 2938 ts.
249 2878 301 2939 ta.
317 2876 352 2935 84
382 2886 504 2957 septem
533 2874 678 2957 glandes,
712 2895 846 2957 quarum
874 2895 980 2956 neque
1003 2877 1208 2958 archetypum
1236 2894 1342 2956 neque
1371 2886 1517 2957 ectypum

176 2977 288 3040 videre
311 2982 408 3059 potui,
437 2997 477 3040 ex
499 2979 632 3041 aliorum
655 2979 811 3059 exemplis
834 2979 1081 3060 repraesentavi.

261 3099 344 3161 llaec
372 3097 412 3160 de
444 3097 592 3161 editionis
621 3118 710 3161 meae
741 3100 863 3160 ratione
892 3097 1064 3179 praefanda
1092 3108 1194 3161 orant.
1249 3098 1368 3171 Quodsi
1400 3099 1451 3160 cui
1481 3118 1518 3160 ea

173 3200 338 3263 videbitur
362 3200 511 3264 uberiore
546 3220 642 3282 quam
675 3220 731 3283 pro
765 3202 875 3263 barum
906 3219 1013 3264 rerum
1047 3201 1150 3282 pretio
1183 3211 1337 3282 apparatu
1367 3201 1518 3263 instructa

173 3323 261 3384 esse,
301 3303 334 3365 id
364 3303 480 3366 iactum
511 3313 560 3366 est
588 3305 776 3366 necessitate
806 3321 882 3365 sane
904 3302 975 3365 dira
998 3322 1056 3364 neo
1078 3323 1147 3366 mea
1171 3303 1262 3384 culpa
1297 3301 1354 3365 sed
1376 3305 1518 3384 priomm

174 3407 225 3468 vel
249 3407 413 3470 erroribus
435 3407 484 3469 vel
507 3405 685 3469 fraudibus.
732 3405 899 3487 Aquibus
928 3407 1050 3469 invecta
1074 3407 1274 3487 perturbatio
1295 3426 1366 3469 oum
1390 3404 1517 3468 tandem

173 3508 346 3590 aliquando
369 3508 571 3590 expedienda
600 3509 804 3589 tollendaque
826 3520 919 3582 esset,
945 3529 1008 3571 non
1032 3510 1173 3588 suffecit,
1207 3510 1269 3571 nisi
1292 3527 1420 3590 operam
1443 3529 1519 3589 per-

135 3605 139 3611 ’
173 3611 252 3674 dere
275 3612 409 3691 vellem,
442 3632 581 3675 summas
608 3631 659 3674 res
689 3631 770 3693 quae
798 3615 1013 3694 repperissem
1043 3612 1220 3693 significare
1249 3621 1281 3673 et
1302 3630 1338 3672 ea
1363 3610 1518 3673 brevitate

174 3715 252 3776 haee
281 3725 484 3777 monumenta
514 3714 627 3795 edere,
664 3734 727 3797 qua
759 3725 846 3778 reete
873 3735 950 3778 sane
983 3723 1114 3777 utentur
1148 3714 1186 3792 ii,
1230 3714 1286 3794 qui
1314 3733 1383 3776 meo
1411 3714 1519 3775 labore

172 3819 306 3881 subnixi
328 3819 459 3899 posthac
480 3818 643 3898 glandium
666 3819 889 3899 inscriptiones
912 3816 1102 3896 tractabunt,
1127 3815 1184 3878 sed
1207 3817 1318 3895 utique
1341 3837 1359 3877 a
1381 3835 1431 3878 me
1454 3827 1517 3877 tam

245 4077 269 4139 4)
288 4077 326 4127 De
345 4077 564 4128 Vincenzinianis
581 4075 724 4141 glandibus
742 4076 804 4127 vide
822 4090 891 4141 quae
908 4075 1036 4127 adnotavi
1055 4089 1081 4141 p.
1098 4079 1156 4126 tto.

245 4166 269 4224 a)
291 4163 329 4213 De
347 4164 391 4213 his
409 4162 443 4213 ci.
463 4176 491 4228 p.
513 4165 572 4215 too.
918 4215 921 4221 ,

245 4251 270 4312 t)
291 4247 427 4313 Exceptus
446 4251 509 4298 sant
527 4247 599 4299 solae
618 4253 637 4299 t.
651 4247 698 4310 tx,
718 4252 752 4299 to
770 4251 798 4298 et
816 4249 862 4309 tt,
888 4247 989 4312 quibus
1011 4247 1115 4298 litterae
1136 4249 1163 4298 in
1187 4249 1345 4313 ectyporum
1372 4247 1455 4298 sulcis
1472 4261 1518 4297 se-

173 4332 297 4384 cundum
316 4345 403 4384 meam
422 4332 565 4384 lectionem
584 4333 735 4384 delineatae
751 4337 990 4399 repraesentantur
1006 4336 1159 4399 propterea,
1179 4333 1252 4398 quod
1267 4333 1437 4398 scariphatae
1456 4335 1517 4384 illae

172 4420 279 4470 litterae
298 4420 471 4470 tenuissimae
490 4420 517 4469 in
536 4421 652 4482 imagine
670 4419 776 4482 glandis
794 4421 824 4482 (t.
845 4419 890 4480 lX,
907 4421 929 4481 ι)
952 4432 1036 4484 paene
1054 4432 1109 4469 non
1128 4423 1267 4484 apparent.

217 4505 222 4516 '
245 4507 269 4568 4)
296 4504 434 4556 Eiusmodi
465 4505 673 4569 inscriptionum
698 4505 829 4568 imagines
855 4505 902 4570 qui
931 4505 1055 4555 editurus
1078 4508 1135 4567 est,
1159 4504 1193 4555 ab
1218 4517 1251 4554 eo
1276 4503 1451 4570 praeterendo
1476 4509 1518 4556 est

174 4591 320 4642 methodus
338 4591 512 4652 mechanica,
533 4593 563 4642 ut
579 4591 748 4656 phototypia.
784 4591 858 4652 Quae
877 4595 966 4641 tamen
986 4591 1031 4641 ubi
1050 4590 1174 4641 adhiberi
1193 4593 1300 4656 nequit,
1320 4590 1417 4642 editori
1435 4605 1518 4656 opera

173 4676 265 4728 danda
290 4679 347 4736 est,
381 4679 410 4727 ut
438 4677 623 4741 lithograpbus
649 4677 690 4728 vel
715 4690 769 4742 quo
795 4678 848 4728 alio
871 4679 996 4742 operario
1015 4677 1102 4727 utitur
1130 4681 1216 4743 ipsam
1239 4678 1352 4728 editoris
1376 4676 1517 4727 lectionem

173 4765 373 4828 repraesentem
399 4763 480 4828 atque
504 4763 556 4812 hoc
580 4763 689 4828 quidem
709 4765 825 4815 maxime
845 4764 991 4815 tenendum
1010 4766 1051 4814 est
1070 4767 1096 4813 tn
1116 4763 1221 4814 dubiis:
1247 4764 1313 4828 quid
1332 4764 1404 4814 enim
1423 4763 1519 4813 attinet

174 4849 269 4898 lectori
288 4847 483 4908 exhiberem,
503 4863 573 4913 quae
591 4849 696 4910 legendi
716 4849 777 4900 talia
802 4850 893 4899 minus
915 4852 1020 4915 peritus
1038 4849 1090 4900 sibi
1111 4849 1203 4900 videre
1220 4851 1296 4900 visus
1313 4851 1375 4900 esti
1410 4849 1447 4899 De
1467 4849 1517 4899 hac

172 4947 204 4984 re
223 4934 316 4984 monui
336 4935 362 4984 in
381 4939 527 4986 comment.
549 4935 700 4986 minoribus
718 4936 793 4986 acad.
814 4934 902 4986 Berol.
923 4938 990 4986 4875
1008 4949 1034 5000 p.
1053 4937 1100 4985 t'it
1121 4938 1177 4986 not.
1192 4940 1217 4985 4.
1236 4962 1271 4972 -
1289 4935 1419 4998 Berglius
1437 4935 1519 4998 igitur

173 5022 204 5070 in
226 5019 371 5080 glandibus
394 5020 507 5071 edendis
532 5021 632 5072 erravit
653 5021 725 5085 quod
754 5023 833 5083 (sicut
852 5019 988 5085 praelatus
1012 5024 1052 5071 ast
1076 5034 1138 5071 ann.
1160 5021 1244 5071 Rhea.
1268 5025 1301 5070 ιι
1319 5025 1376 5086 pt
1396 5039 1428 5063 =
1448 5019 1516 5070 Scit.

171 5119 201 5170 p.
215 5107 256 5170 aa)
276 5105 438 5157 delineantis
459 5105 573 5158 arbitrio
595 5107 719 5172 permisit
742 5108 769 5157 in
792 5106 882 5158 dubiis
912 5107 938 5158 id
963 5107 1106 5170 exhibere,
1132 5106 1205 5172 qarod
1225 5105 1269 5156 ille
1286 5104 1380 5156 videre
1399 5105 1450 5156 sibi
1477 5107 1519 5154 vi-

171 5203 220 5242 sus
238 5194 319 5242 esset.
365 5193 462 5256 aquo
488 5195 579 5243 mmen
604 5206 653 5243 suo
671 5196 816 5258 praecepto
840 5194 862 5243 si
888 5193 932 5242 talc
960 5193 1014 5243 illio
1033 5194 1090 5256 ipse
1114 5193 1226 5243 recessit
1250 5190 1295 5256 (ci.
1317 5190 1384 5242 inira
1403 5204 1429 5256 p.
1446 5193 1516 5254 tta),

173 5275 335 5328 benefecit.

245 5367 270 5428 ι]
292 5363 357 5413 Vide
375 5377 445 5428 quae
463 5363 519 5414 dixi
539 5376 566 5428 p.
582 5368 607 5414 ι.
628 5369 670 5415 ιι.
691 5368 723 5413 rt
742 5366 810 5414 extr.
