3930 6224
682 617 840 670 GLANDES
859 619 1014 670 savales.

246 809 311 860 corp.
416 808 486 848 Index
944 805 1010 862 (torp.
1115 803 1186 846 Iudex

175 879 361 934 74*llli*l⁰3
408 881 458 930 Fe
873 876 1064 936 73*ta7*lta
1108 877 1338 941 Fial-Imago

315 951 363 1000 464
408 949 478 998 Μ44
1014 954 1064 1002 449
1108 946 1158 996 443

314 1023 364 1068 465
409 1019 474 1067 Las
1014 1023 1063 1072 456
1108 1015 1158 1065 lla

315 1091 364 1136 444
409 1087 474 1136 045
1014 1091 1058 1138 444
1108 1084 1294 1144 4444444

317 1159 362 1204 467
409 1155 471 1204 Fal
1014 1160 1064 1207 456
1108 1153 1158 1203 444

316 1228 364 1273 468
409 1224 474 1273 043
1015 1229 1063 1276 456
1109 1222 1171 1271 444

316 1295 364 1342 463
410 1292 474 1341 Τ444
1014 1299 1062 1345 454
1109 1292 1174 1339 4443

317 1365 364 1410 444
410 1359 476 1409 Tio
1015 1365 1062 1413 455
1110 1357 1281 1410 4440440447

318 1433 361 1478 444
409 1427 523 1490 74444)
1015 1433 1064 1482 444
1108 1428 1295 1486 5444444

316 1500 364 1547 lla
409 1497 475 1547 cla
1016 1503 1064 1550 457
1108 1498 1171 1547 litt

317 1569 364 1615 444
410 1565 461 1614 44
1016 1571 1064 1619 444
1109 1564 1300 1625 4444044

318 1635 364 1683 444
410 1633 596 1694 44444444
1016 1639 1065 1686 444
1110 1635 1180 1683 uas

317 1707 364 1753 445
411 1702 500 1752 044
1016 1708 1064 1756 444
1109 1700 1341 1764 Laut-image

318 1775 365 1820 446
412 1771 476 1820 445
1017 1777 1061 1824 464
1112 1770 1345 1834 Lati-imagi

319 1844 364 1889 447
411 1836 645 1901 8684444403
1018 1845 1064 1892 466
1111 1838 1393 1902 45844444446474

318 1913 366 1958 448
412 1906 475 1955 436
1017 1915 1065 1960 466
1112 1906 1343 1970 Rati-imagi

318 1979 366 2025 448
411 1976 477 2025 456
1016 1982 1065 2029 464
1112 1977 1175 2025 4445

319 2049 365 2094 lat
1017 2051 1065 2097 465
1111 2046 1162 2096 Ga

318 2117 362 2162 444
410 2111 475 2161 458
1018 2119 1066 2166 456
1111 2115 1175 2164 487

319 2185 366 2230 428
1017 2188 1066 2234 457
1111 2184 1163 2234 08

319 2252 366 2298 443
412 2249 476 2298 473
1018 2255 1066 2305 458
1112 2253 1162 2302 08

319 2321 366 2367 lii
413 2328 486 2365 num.
504 2319 534 2364 43
1017 2325 1066 2371 466
1112 2319 1352 2383 4447444406

319 2387 367 2436 las
411 2383 473 2434 Cdl
1018 2393 1066 2439 476
1112 2390 1160 2438 DI

319 2458 366 2504 466
412 2455 532 2503 numll
1019 2461 1063 2507 474
1113 2453 1306 2516 erassum

320 2527 365 2573 467
412 2521 826 2586 inclactt-t-imagi-l-
1018 2529 1068 2575 476
1113 2522 1285 2584 444444

447 2591 808 2654 inclectlto-t-imagl
1018 2598 1066 2644 476
1112 2593 1345 2655 Sati-imagi

319 2664 367 2712 466
414 2658 479 2710 466
1017 2663 1067 2712 474
1112 2660 1315 2721 4664464·

320 2733 368 2778 444
415 2728 461 2778 Pa
1018 2735 1066 2781 444
1113 2729 1347 2792 0444444444

321 2801 367 2847 436
414 2797 477 2845 sit
1020 2803 1068 2848 475
1112 2800 1178 2850 046

238 2911 242 2920 ,
321 2869 363 2915 464
414 2865 757 2928 4440444446-4-466474
1019 2871 1066 2917 477
1113 2867 1176 2918 456

320 2937 368 2983 438
414 2933 477 2982 Ita
1019 2940 1067 2987 478
1113 2935 1178 2985 468

321 3005 368 3052 466
415 3001 711 3062 4404444474856
1020 3009 1067 3054 476
1113 3005 1180 3054 Alli

321 3073 368 3120 464
414 3069 540 3120 44404444.
557 3073 588 3121 46
1019 3077 1068 3123 484
1112 3073 1176 3123 Fas

320 3143 368 3189 465
414 3139 520 3203 84844)
1021 3146 1064 3192 484
1114 3142 1275 3192 44044447

321 3211 369 3256 466
416 3205 573 3270 4444446444
1021 3214 1069 3261 las
1113 3209 1293 3261 4440444446

321 3280 368 3326 444
414 3275 493 3338 4444)
1020 3283 1068 3330 444
1113 3279 1344 3341 sate-image

321 3347 369 3395 445
416 3345 480 3395 Pit
1021 3351 1068 3398 464
1114 3347 1335 3410 [4644444406

322 3416 367 3463 444
414 3412 600 3477 4444744

180 3515 295 3566 Contuli.
311 3542 342 3553 —
356 3515 517 3567 Theodorus
529 3515 614 3579 Bergk
627 3517 745 3579 primum
758 3515 845 3566 edidit
862 3517 889 3566 in
910 3516 1056 3568 annalibus
1067 3518 1203 3568 Rhenanis
1216 3515 1293 3582 iosos
1317 3517 1434 3580 (Bonane
1449 3520 1524 3582 4875)

182 3615 209 3667 p.
226 3606 236 3650 4
252 3613 312 3666 sqq.
332 3615 426 3652 earum
446 3601 557 3664 glandes
575 3601 681 3652 CXVIII
702 3603 728 3664 (i.
741 3614 764 3652 a.
776 3601 819 3654 ed.
832 3602 855 3651 II
872 3605 972 3652 4-467
990 3604 1110 3668 exceptis
1128 3602 1191 3653 XIX
1208 3602 1264 3653 his:
1291 3603 1335 3653 ed.
1349 3603 1373 3653 Il
1392 3605 1417 3652 6.
1436 3607 1462 3655 5,
1483 3607 1525 3654 68.

184 3691 226 3738 88.
247 3691 290 3739 36.
310 3690 351 3737 35.
371 3690 414 3739 37.
433 3688 545 3736 to-ta·
565 3690 607 3736 54.
629 3690 672 3739 ns.
693 3691 734 3736 56.
756 3691 797 3738 86.
819 3691 877 3738 443.
900 3690 958 3737 444.
980 3692 1038 3738 483.
1060 3687 1128 3751 lea),
1154 3701 1219 3738 mox
1244 3700 1339 3739 cinnes
1363 3686 1435 3738 Ionas
1452 3688 1529 3740 dedii

184 3771 292 3834 llbello,
324 3785 378 3837 quo
405 3773 588 3822 sinceritatem
616 3785 710 3822 earum
738 3774 871 3824 acerrime
900 3776 996 3824 contra
1025 3787 1069 3823 me
1098 3772 1234 3824 defendit:
1275 3773 1430 3836 4444644744
1459 3779 1526 3826 45444.

184 3858 457 3922 Sclttaadergascltoaae
475 3857 549 3924 Lips.
565 3861 631 3908 4876
649 3857 749 3909 addilis
768 3858 868 3909 tabulis
886 3858 973 3909 tribus
992 3861 1076 3911 i.e.1
1095 3860 1120 3909 at
1139 3859 1161 3908 ll
1179 3858 1382 3924 lithographicis
1401 3861 1526 3925 [quaram

184 3945 314 4007 imagines
326 3943 443 3994 XXXIX
459 3944 589 4008 repetilae
602 3946 666 3994 sunt
677 3957 710 3994 ex
724 3942 767 3994 ed.
782 3944 880 4009 prioris
892 3943 967 3994 tabb.
982 3945 1063 3994 I-III
1082 3939 1108 3994 n'.
1124 3945 1216 4008 4-66)
1235 3947 1261 3998 44
1274 3947 1351 3995 tertia
1364 3945 1528 4011 heliotypica

187 4030 266 4094 (quae
283 4041 353 4079 nova
371 4028 503 4092 accessit).
534 4029 649 4081 Numeri
667 4029 805 4094 glandium
818 4042 900 4094 supra
912 4028 1027 4080 adhibiti
1045 4029 1127 4080 iidem
1146 4032 1210 4082 sunt
1222 4032 1269 4095 qui
1287 4031 1361 4096 apud
1374 4031 1527 4094 Bergidum.

253 4114 399 4178 Bergkius,
424 4116 472 4178 qni
497 4115 553 4180 ipse
579 4115 684 4179 primus
702 4113 923 4177 Dasjardinianas
955 4114 1068 4180 glandes
1087 4119 1143 4166 lum
1163 4119 1241 4166 notas
1260 4117 1315 4166 CXI
1323 4114 1343 4180 ²)
1365 4116 1429 4167 licet
1445 4129 1528 4181 argu-

254 4320 279 4382 4)
305 4333 331 4371 4.
353 4321 496 4370 466-446.
522 4323 571 4370 lto
597 4320 775 4386 inscriptione
793 4323 895 4380 carent,
920 4320 955 4372 de
973 4320 1113 4386 glandium
1139 4334 1164 4374 n.
1183 4322 1231 4370 446
1258 4321 1351 4370 44444
1372 4321 1528 4387 inscriptio-

185 4404 276 4468 nibus,
295 4417 366 4469 quae
384 4406 518 4468 genuinae
536 4407 600 4456 sunt
617 4406 700 4463 solae,
720 4405 782 4456 vide
800 4419 827 4458 44.
839 4409 898 4456 468.

253 4490 278 4552 6)
299 4491 328 4540 ln
347 4503 447 4542 comm.
457 4492 523 4542 min.
535 4491 613 4542 acad.
627 4494 693 4540 4675
711 4504 739 4555 p.
755 4493 804 4541 466
824 4503 887 4541 cum
906 4491 1035 4543 dixissem
1054 4492 1177 4542 notitiam
1195 4490 1276 4541 huius
1289 4493 1529 4543 monumentorum

184 4577 292 4641 generis
314 4579 436 4627 nostram
460 4589 557 4642 parum
579 4576 670 4628 adhuc
698 4578 858 4640 provectam
887 4591 946 4628 asse
970 4576 1175 4642 desiderarique
1202 4589 1303 4628 novum
1325 4577 1359 4627 de
1384 4576 1529 4642 glandibus

187 4663 322 4713 universis
346 4661 483 4722 laborem,
512 4661 627 4724 Bergkio
654 4675 763 4725 quoque
790 4661 883 4713 addidi
912 4661 1060 4713 admodum
1088 4661 1275 4727 imperfectam
1303 4675 1364 4714 essa
1388 4662 1529 4727 glandium

185 4749 370 4812 cognItionem
396 4746 469 4810 [nam
493 4760 534 4798 en.
554 4759 593 4811 gr.
612 4760 707 4798 musea
731 4748 825 4799 Italica
849 4760 904 4799 non
928 4748 1141 4808 examinaverat,
1171 4761 1258 4812 neque
1282 4749 1479 4799 Asculanarum
1504 4749 1529 4798 ei

185 4836 294 4899 praesto
313 4832 391 4884 erant
408 4834 461 4884 nisi
480 4831 588 4896 ialsae]‚
608 4845 726 4897 eumque
739 4833 1007 4895 Deslardinianarum
1025 4846 1081 4884 non
1100 4845 1180 4885 nosse
1198 4835 1251 4884 nisi
1269 4833 1388 4885 CCXXII
1407 4833 1527 4898 glandes,

186 4919 237 4969 Tot
259 4920 334 4970 enim
359 4919 448 4969 aditae
472 4921 549 4969 erant
572 4921 631 4969 tum
656 4931 720 4969 cum
745 4917 790 4968 illa
811 4919 910 4984 scripsi
935 4919 953 4969 i.
973 4932 997 4970 e.
1016 4933 1053 4970 m.
1073 4920 1152 4970 Iunio
1176 4923 1252 4971 4875.
1289 4919 1343 4970 Sed
1368 4922 1441 4970 recte
1465 4932 1530 4970 sane

185 5005 317 5068 Bergliius
335 5005 440 5055 notavit
458 5004 626 5069 sniapes,
647 5017 676 5054 se
692 5003 735 5066 (ad
753 5005 981 5055 commentarium
999 5018 1080 5055 suum
1099 5017 1162 5055 ann.
1177 5004 1260 5055 Ithen.
1274 5007 1306 5054 55
1324 5005 1368 5056 ed.
1382 5001 1455 5064 4675)
1475 5017 1529 5056 non

186 5103 268 5155 supra
286 5090 346 5141 CXI
370 5090 472 5155 primas
495 5102 592 5139 earum
615 5089 782 5141 adhibuisse.
816 5090 851 5141 At
873 5091 897 5141 is
918 5104 995 5141 error
1018 5103 1097 5141 maus
1118 5088 1196 5140 iacile
1214 5089 1389 5153 explicandus
1407 5103 1462 5140 non
1480 5090 1531 5140 da-

186 5175 267 5226 trahit
295 5175 442 5240 quicquam
468 5175 580 5238 Bergkio
607 5177 635 5225 et
657 5187 754 5239 reapse
777 5174 932 5227 levissimus
957 5177 1014 5236 est,
1045 5175 1204 5239 praesertim
1236 5187 1298 5225 cum
1327 5174 1457 5238 Bargkins
1478 5175 1496 5227 l.
1509 5175 1527 5226 l.

186 5265 302 5320 asserat,
318 5261 426 5311 etiamsi
439 5259 559 5311 CCXXII
578 5257 690 5324 glandes
703 5259 924 5324 Desjardinianas
937 5263 1043 5320 nosset,
1063 5252 1144 5310 ‘mdc
1158 5260 1285 5323 (Bergkii)
1302 5261 1398 5311 44444444
1413 5261 1479 5311 liber
1491 5261 1531 5311 die

187 5346 348 5400 Publicotion
362 5345 545 5410 [Desjardinii]
560 5347 653 5397 wltrde
666 5347 782 5396 4644444444
794 5347 865 5397 aicit
882 5349 918 5398 im
930 5347 1074 5397 illudentes
1093 5347 1189 5396 4444444
1206 5346 1367 5409 nusgcsolten
1378 5340 1454 5398 aeia’»
