3922 6240
690 616 850 668 7777777
868 617 1023 668 sevinus.
1478 610 1526 682 93

184 807 284 874 oppido
298 813 362 859 tunc
374 808 516 859 bominum
535 820 675 858 sermones
687 807 879 869 excitarentur,
894 833 930 844 -
942 809 1116 868 Garruceius,
1136 810 1258 874 inquam,
1273 813 1319 875 qui
1339 813 1415 877 prius
1432 813 1466 865 de
1478 795 1530 866 bac

184 908 214 946 re
228 897 357 954 tacuerat,
377 894 467 960 paullo
484 896 546 958 post
564 893 591 943 in
607 893 700 945 ceastre
711 893 838 954 cott.X,t
856 893 1018 957 (17777877)
1039 898 1123 959 pilo
1135 909 1194 961 sqq.
1215 900 1242 947 et
1261 898 1294 959 X,
1310 901 1325 948 t
1347 899 1527 965 (1777718781

183 995 210 1046 p.
226 984 275 1031 777
292 994 352 1046 sqq·
375 980 409 1031 de
430 979 573 1044 glandibus
596 978 760 1031 7777177777
784 979 919 1031 Asculano
944 993 1031 1045 nuper
1051 974 1208 1047 ‘impressis’
1230 983 1368 1036 disserens
1393 986 1439 1038 illa
1459 1001 1529 1052 qnae

184 1079 266 1132 supra
291 1067 347 1117 dixi
370 1066 565 1117 commentaria
589 1078 644 1116 non
663 1066 837 1126 memoravit,
869 1065 918 1115 sed
939 1067 1016 1129 quasi
1034 1067 1092 1131 ipse
1110 1068 1216 1133 primus
1239 1069 1384 1123 detexisset
1408 1070 1529 1124 fraudem

183 1155 322 1216 coarguit,
351 1154 463 1216 insuper
482 1152 526 1211 777,
554 1164 624 1215 quae
642 1163 691 1201 nos
713 1151 741 1201 in
766 1151 835 1201 sext.
856 1149 913 1202 dett'
937 1153 999 1204 lost.
1022 1156 1087 1203 7877
1105 1168 1133 1219 p.
1150 1158 1199 1204 777
1211 1167 1271 1220 sqq.
1292 1169 1325 1206 ex
1339 1156 1530 1210 effossionibus

185 1240 285 1290 nostris
304 1239 423 1303 patuisse
436 1236 605 1296 dixeramus,
626 1237 654 1285 in
666 1235 862 1288 dubitationem
875 1249 972 1288 vocare
991 1251 1073 1289 ausus
1091 1240 1163 1290 iusto
1176 1243 1336 1304 argumente
1355 1242 1430 1294 nulle
1449 1244 1530 1295 allato

186 1325 229 1390 (ei.
249 1339 321 1391 quae
338 1324 394 1374 dixi
412 1323 447 1374 ed
466 1336 493 1372 n.
510 1327 539 1373 77
553 1335 677 1386 7777777
695 1320 856 1373 Gabriellius
875 1326 971 1374 eontra
984 1324 1164 1376 Garruccium
1175 1325 1303 1379 disseruit
1320 1329 1347 1379 in
1366 1324 1531 1395 77177777-

183 1407 754 1471 17777777717777ιοὶ711777877).
792 1407 867 1458 ldem
884 1411 974 1460 autem
994 1409 1157 1462 Garrueeius
1176 1413 1247 1463 inter
1271 1415 1374 1478 primos
1392 1415 1455 1476 luit,
1483 1418 1529 1481 qui

183 1512 264 1550 cusas
285 1511 335 1562 pro
360 1497 486 1560 genuinis
507 1494 642 1545 ediderint
669 1495 702 1557 (v.
726 1493 760 1544 ad
778 1507 805 1543 n.
821 1490 925 1558 877777
953 1495 1132 1560 quadraginta
1156 1498 1267 1561 glandes
1291 1501 1348 1565 ipse
1375 1502 1528 1566 adquisivit,

184 1599 253 1650 quas
279 1596 294 1632 7
319 1582 427 1633 17177777
449 1580 583 1631 Asculano
605 1572 767 1645 ‘impressas’
793 1592 852 1631 esse
882 1583 974 1645 postea
1001 1581 1131 1634 intellexit
1153 1583 1259 1647 (ciotttd
1277 1585 1309 1648 X,
1325 1589 1339 1636 7
1358 1601 1384 1652 p.
1405 1591 1450 1637 777
1472 1602 1527 1653 77.;

183 1671 217 1723 ei.
231 1675 244 1720 7
259 1684 286 1735 p.
303 1671 378 1730 778);
399 1666 498 1717 indicia
515 1663 637 1716 7717777777
654 1668 709 1716 tam
727 1678 855 1716 casarum
874 1679 957 1730 quam
976 1669 1127 1718 ceterarum
1145 1681 1233 1734 neque
1251 1677 1379 1723 accurate
1399 1674 1530 1726 indicavit

186 1769 276 1821 neque
295 1753 403 1804 videtur
422 1751 487 1804 satis
499 1751 621 1802 novisse:
641 1763 704 1802 nam
718 1751 745 1801 in
758 1750 865 1814 Sylloge
878 1765 902 1802 a.
919 1756 984 1802 1877
999 1765 1039 1818 77.
1055 1767 1109 1804 777
1122 1755 1210 1806 solum
1224 1755 1305 1808 lalsas
1320 1761 1407 1810 musei
1418 1761 1530 1811 1777777-

183 1843 253 1893 77777
266 1855 293 1892 7.
310 1839 342 1889 l*
354 1852 425 1903 sqq,
446 1849 610 1901 quamquam
624 1837 648 1887 ei
661 1837 732 1887 inter
744 1837 923 1901 paucissimos
935 1851 984 1903 per
996 1839 1095 1890 multos
1108 1853 1194 1891 annos
1212 1855 1257 1893 eas
1270 1845 1424 1895 examinare
1443 1845 1531 1895 licue-

183 1929 262 1991 77777,
293 1939 389 1977 verum
408 1925 572 1975 etiamtunc
594 1922 662 1974 adeo
686 1935 766 1973 cusas
790 1921 921 1988 quasdam
938 1925 972 1986 (n.
989 1920 1039 1974 78*
1054 1927 1094 1978 tt.
1110 1929 1152 1987 77,
1175 1925 1225 1976 69*
1237 1931 1280 1991 78,
1301 1929 1461 1995 8771777.)
1482 1945 1531 1996 pre

188 2014 314 2079 genuinis
332 2011 425 2062 edidit.
444 2035 480 2046 -
498 2009 550 2059 Sed
570 2008 651 2059 redeo
668 2009 703 2059 ad
723 2009 807 2074 ipsam
826 2023 894 2060 rem.

238 2097 350 2149 Absolvi
374 2095 496 2160 quaestio
520 2107 575 2144 non
599 2094 687 2159 potuit
710 2095 762 2144 nisi
784 2092 916 2158 patelacta
944 2096 1001 2159 ipsa
1025 2095 1162 2158 glandium
1191 2097 1294 2162 origine
1321 2103 1348 2152 et
1372 2104 1532 2154 examinatis

186 2187 288 2238 museis
312 2183 437 2248 inprimis
455 2180 565 2232 17717777.
596 2181 718 2244 Vtroque
734 2192 848 2230 munere
867 2180 934 2230 mihi
951 2179 986 2231 ab
1003 2182 1128 2233 instituto
1147 2186 1239 2234 nostro
1257 2186 1463 2251 erehaeelogieo
1481 2190 1532 2240 de-

186 2271 314 2324 mandato
341 2267 499 2334 perfunctus
526 2278 586 2316 sum
615 2265 678 2316 inde
705 2264 740 2315 ab
767 2268 934 2317 77771877.
972 2266 1005 2316 Et
1028 2267 1119 2318 Asculi
1146 2269 1256 2333 quidem
1280 2284 1304 2321 a.
1322 2275 1386 2322 7877
1412 2275 1531 2339 primurn

184 2356 346 2410 Gabriellius
364 2356 393 2403 et
409 2365 459 2416 ego
478 2351 623 2402 eliossione
640 2352 667 2401 in
686 2349 832 2403 castellani
850 2352 927 2402 alveo
946 2353 1068 2404 instituta
1087 2355 1288 2419 inquisivimus,
1308 2359 1404 2422 quales
1421 2360 1531 2411 tandem

183 2443 298 2510 glandes
319 2440 358 2491 ibi
381 2439 567 2504 reperirentur
584 2440 631 2487 aut
653 2450 707 2488 nen
730 2438 917 2502 reperirentur
937 2436 981 2499 (cl.
1001 2438 1070 2489 77771.
1085 2439 1143 2490 dell*
1158 2441 1220 2492 lost.
1235 2446 1301 2492 7877
1320 2456 1348 2507 p.
1364 2448 1413 2494 777
1426 2458 1485 2511 sqq.
1504 2451 1531 2497 et

187 2543 270 2596 supra
288 2543 315 2594 p.
331 2532 345 2577 5
359 2526 440 2591 sqq).
479 2523 582 2576 Deinde
607 2523 703 2574 eodem
722 2537 794 2574 anno
813 2523 905 2574 Asculi
924 2523 959 2574 ab
977 2524 1073 2574 amicis
1091 2527 1184 2590 peritis
1204 2527 1315 2579 adiutas
1335 2529 1457 2593 diligenti
1488 2535 1528 2584 in-

184 2613 363 2678 vestigatione
385 2611 478 2671 elieci,
502 2613 534 2660 ut
553 2610 704 2661 certissime
730 2611 881 2670 constaret,
907 2611 968 2674 quis
991 2612 1064 2661 esset
1083 2613 1238 2676 spuriarum
1264 2612 1371 2664 illarum
1389 2616 1529 2678 glandium

185 2706 296 2762 auctor,
322 2699 370 2762 qui
394 2698 454 2748 eius
475 2697 558 2758 socii,
578 2697 703 2761 inprimis
722 2696 808 2760 isqui
828 2697 945 2746 Parisios
962 2695 1145 2758 vendidisset,
1165 2697 1283 2763 deniqne
1307 2701 1382 2764 quali
1406 2701 1531 2754 falsarius

183 2800 251 2840 usus
264 2787 336 2837 esset
348 2783 498 2835 labricandi
511 2781 636 2834 artificio.
656 2782 694 2832 De
706 2781 819 2845 singulis
832 2783 899 2832 satis
912 2787 953 2832 est
965 2795 1194 2835 commemorasse
1207 2783 1284 2837 haec.
1311 2786 1431 2851 Cognovi
1444 2789 1531 2841 7777-

182 2874 275 2925 lsnum
294 2869 442 2935 quendam,
462 2869 508 2932 qui
527 2867 672 2931 losephum
691 2867 849 2918 Vineeozini
871 2868 906 2931 (in
925 2868 986 2918 vico
1004 2867 1128 2919 Cerassai
1145 2871 1249 2934 netum)
1269 2871 1296 2921 in
1315 2873 1401 2938 ipsius
1420 2875 1531 2926 taberne

184 2959 298 3025 glandes
316 2955 490 3007 incudentem
502 2953 607 3004 viderat
622 2953 656 3004 de
669 2966 757 3018 eaque
774 2966 805 3003 re
817 2966 958 3004 sermones
971 2966 1032 3004 cum
1051 2955 1099 3006 ille
1114 2953 1226 3020 iecerat;
1248 2957 1320 3008 idem
1333 2960 1399 3010 mibi
1411 2963 1532 3013 cusicnis

185 3045 300 3098 modum
317 3042 456 3098 indicavit,
470 3053 552 3105 quem
564 3052 660 3090 verum
672 3052 732 3089 esse
745 3040 961 3104 experimentum
974 3053 989 3091 a
1002 3040 1081 3092 nobis
1094 3043 1183 3092 statim
1196 3040 1297 3094 iactum
1311 3057 1439 3098 successu
1458 3046 1532 3099 771777

186 3129 382 3195 comprobavit.
409 3153 442 3163 -
466 3125 619 3178 canonicus
641 3125 753 3189 quidam
771 3126 937 3187 Asculanos,
962 3128 1004 3176 vir
1022 3129 1133 3178 sanctus
1151 3131 1178 3178 et
1196 3129 1306 3192 dectus,
1332 3132 1398 3182 mibi
1417 3135 1530 3195 rettulit,

185 3214 390 3268 Vinceaziaium
402 3211 564 3275 Desierdinii
581 3209 710 3262 fasciculo
722 3209 756 3261 ad
769 3209 881 3273 glandes
894 3213 1025 3276 spectanti
1043 3215 1132 3277 primo
1145 3214 1268 3279 inspecto
1286 3217 1415 3269 miratum
1434 3232 1532 3284 magne

185 3315 267 3368 opere
286 3312 347 3351 esse
364 3301 392 3349 et
408 3300 535 3363 questum
548 3310 657 3362 quoqne
674 3297 708 3347 de
727 3299 799 3347 tanta
812 3297 936 3349 doctrina
952 3301 1079 3363 tantaque
1091 3301 1208 3365 pecunia
1225 3302 1253 3351 in
1271 3303 1329 3353 suis
1343 3305 1531 3368 (Vincenzinii)

184 3388 345 3441 commentis
362 3385 462 3436 trustra
481 3385 639 3449 consumpta
660 3384 918 3449 inscriptionumque
942 3397 1054 3436 suarum
1077 3399 1172 3450 magna
1198 3389 1275 3452 parte
1300 3389 1371 3439 rnale
1394 3389 1463 3440 lecta
1488 3393 1532 3442 in-

185 3476 345 3534 tellectave,
370 3471 437 3522 alias
455 3473 546 3522 autem
565 3471 718 3531 monuisse,
745 3468 796 3520 sibi
818 3469 1009 3534 (Vincenziniel
1031 3471 1110 3536 plane
1129 3473 1248 3534 ignotas,
1274 3475 1385 3525 omnine
1403 3475 1532 3528 conflatas

185 3575 245 3614 esse
265 3575 279 3611 7
298 3559 485 3623 Desjardinio,
508 3555 702 3620 falsariumque
720 3557 810 3622 ipsum
829 3557 855 3606 77
874 3557 965 3608 anime
984 3556 1127 3619 babuisse,
1147 3558 1182 3609 de
1200 3571 1231 3608 ea
1250 3572 1280 3610 re
1297 3561 1332 3611 sd
1350 3560 1424 3612 bunc
1442 3563 1530 3627 ipsum

185 3646 315 3700 seribere.
352 3644 404 3696 Sed
423 3643 519 3694 hecel
538 3643 688 3693 canonicus
705 3641 764 3704 ille,
790 3640 951 3707 professoris
971 3643 1084 3693 Parisioi
1103 3645 1275 3696 miseratione
1293 3646 1411 3711 quadam
1430 3651 1530 3708 motus,

184 3734 323 3786 dissuasit.
361 3730 392 3781 ld
410 3729 485 3794 qucd
503 3741 568 3779 sane
587 3727 734 3779 dolendum
757 3730 806 3778 est.
843 3729 914 3778 Nam
936 3729 1074 3792 proposito
1093 3743 1126 3779 eo
1149 3729 1264 3781 honesto
1282 3731 1388 3782 abiecte
1408 3730 1532 3785 falsarius

185 3822 289 3870 tantum
313 3815 394 3876 aluit,
420 3818 450 3866 ut
467 3813 667 3877 Desjardinium
692 3826 707 3863 a
731 3813 912 3864 continuanda
936 3813 1053 3864 editione
1072 3814 1233 3877 deterreret,
1259 3819 1290 3868 ut
1307 3816 1455 3882 praeferret
1472 3821 1531 3871 viro

185 3904 345 3958 doctissimo
368 3913 528 3952 succurrere
551 3898 694 3962 glandibus
717 3898 882 3964 quibusdam
901 3900 1009 3950 excusis
1028 3898 1069 3962 (ci.
1083 3913 1110 3966 p.
1126 3904 1158 3949 77
1177 3901 1229 3952 sub
1248 3903 1289 3965 7),
1316 3917 1386 3968 quae
1403 3904 1532 3957 lectiones

187 3989 409 4054 Dasjardinienas
436 3984 517 4037 lalsas
540 3985 698 4036 exhiberent
724 3984 760 4047 (id
788 3985 861 4048 quod
889 3986 1058 4037 conieceram
1084 3988 1243 4039 7177777777.
1268 3993 1333 4039 ists
1357 4004 1384 4055 p.
1407 3992 1529 4052 67-68).

186 4102 217 4114 -
237 4075 308 4136 Quid
326 4072 401 4139 quod
418 4071 610 4123 Vincenzinius
628 4084 658 4122 se
677 4072 765 4136 ipsum
784 4071 932 4135 aliquande
951 4085 999 4122 suo
1024 4071 1140 4123 artificio
1158 4074 1303 4139 deceptum
1322 4087 1382 4127 esse
1400 4089 1455 4125 nen
1473 4077 1532 4126 sine

186 4163 312 4214 iactantia
336 4158 517 4224 praedicavit;
543 4157 669 4221 glandem
694 4157 767 4208 enim
785 4157 922 4222 quendam
950 4158 1123 4223 inscriptam,
1152 4174 1234 4225 quam
1255 4175 1271 4211 a
1292 4163 1394 4212 rustico
1413 4162 1531 4226 quodam

185 4247 331 4311 genuinam
350 4243 474 4294 iudicans
486 4243 606 4304 emisset,
626 4246 719 4308 postea
737 4243 848 4293 demum
867 4256 896 4294 se
915 4244 1080 4295 intellexisse
1099 4245 1303 4310 inscriptionem
1323 4245 1358 4296 ab
1376 4250 1462 4297 semet
1473 4249 1532 4313 ipso

185 4335 309 4384 incusam
328 4329 456 4382 exbibere
475 4331 605 4380 narravit.
625 4355 660 4365 -
683 4329 721 4378 Ae
739 4329 807 4379 scite
825 4341 908 4391 sane,
935 4331 958 4379 si
977 4331 1038 4394 quis
1055 4330 1202 4394 aliqnando
1221 4330 1255 4381 de
1274 4331 1379 4395 glandis
1398 4330 1532 4392 (videlicet

185 4417 371 4482 inscriptionis
389 4416 507 4473 77777771
523 4416 679 4466 sinceritate
696 4414 842 4476 dubitavit,
869 4414 914 4465 ille
933 4413 1025 4465 Fidem
1043 4428 1146 4478 meam,
1174 4418 1277 4480 inquit,
1298 4416 1388 4482 obligo
1406 4417 1531 4480 glandem

184 4505 324 4568 antiquam
349 4515 424 4562 esse,
452 4501 604 4566 insipientis
622 4504 664 4552 est
681 4500 850 4551 mehercules
869 4502 989 4566 spuriam
1008 4501 1139 4553 iudicare.
1158 4528 1193 4538 -
1210 4501 1300 4552 Etiam
1325 4515 1453 4553 nummos
1477 4506 1531 4554 tam

186 4589 311 4639 novicios
334 4600 417 4652 quam
443 4587 477 4652 (in
502 4587 603 4652 quibus
627 4586 826 4652 cognoscendis
851 4586 971 4637 studium
996 4587 1044 4637 diu
1061 4587 1250 4650 collocaverat)
1279 4591 1405 4653 antiquos
1433 4589 1532 4638 imitari

185 4676 292 4739 egregie
313 4672 435 4725 callebat.
466 4673 515 4724 Cui
527 4674 675 4724 canonicus
694 4672 738 4722 ille
761 4685 822 4723 curn
836 4673 974 4736 quondam
993 4685 1135 4724 nummum
1154 4687 1270 4724 aeneum
1283 4674 1433 4725 llomaourn
1454 4679 1533 4725 uten-

187 4760 254 4811 dum
277 4759 412 4822 dedisset,
441 4759 573 4824 postridie
598 4761 625 4809 in
648 4759 708 4808 eius
727 4757 833 4809 cilicina
858 4771 917 4808 rem
941 4771 1018 4809 suam
1043 4761 1206 4823 repetiturus
1230 4759 1376 4811 duodecim
1401 4761 1452 4810 iem
1480 4761 1532 4811 alia

187 4847 247 4897 eius
268 4847 374 4896 nummi
398 4845 563 4910 exemplaria
581 4845 786 4895 aVincenzinle
805 4843 890 4894 elilcta
910 4845 1014 4894 invenit
1025 4847 1052 4895 et
1078 4848 1152 4897 tanta
1170 4846 1281 4910 quidem
1300 4851 1357 4897 arte
1380 4844 1484 4907 eliicta,
1503 4849 1534 4895 ut

186 4931 366 4996 archetypum
385 4930 504 4981 discerni
523 4944 577 4982 non
595 4932 688 4996 posset
706 4931 758 4980 nisi
777 4944 810 4980 ex
828 4930 905 4994 signo
929 4930 1048 4995 quodam
1067 4931 1189 4992 occulto,
1218 4931 1293 4996 quod
1313 4931 1437 4983 laisarius
1454 4934 1531 4981 antea

186 5017 370 5083 inscripserat.
395 5043 429 5052 -
452 5015 491 5066 lix
511 5016 692 5068 bibliothecae
716 5015 888 5080 municipalis
912 5015 1063 5067 1777717777
1081 5017 1168 5067 diario
1195 5029 1257 5066 curn
1277 5017 1443 5077 didicissem,
1463 5027 1533 5080 quos

186 5102 272 5153 libros
302 5103 495 5154 Vincenzinius
524 5102 640 5153 utendos
670 5102 832 5167 accepisset,
868 5103 894 5151 in
925 5101 957 5151 iis
991 5103 1097 5167 repperi
1129 5103 1277 5154 indicatum
1314 5104 1395 5153 etiarn
1421 5101 1531 5152 Cohenii

241 5279 263 5338 47
292 5273 345 5326 1177
368 5274 458 5325 mosei
477 5273 644 5325 llircberiani
670 5273 781 5337 glandes
806 5271 886 5324 ielsas
909 5285 969 5324 esse
993 5285 1042 5337 ego
1067 5275 1130 5322 tunc
1154 5271 1325 5335 detexeram,
1351 5272 1400 5324 sed
1424 5272 1458 5323 de
1482 5272 1533 5323 bac

186 5351 298 5415 quidem
316 5364 346 5400 re
364 5350 430 5400 nihil
449 5363 512 5400 cum
531 5362 670 5414 quoquam
687 5353 962 5402 communicaveram.
