3902 6238
430 613 523 664 xxiv
1000 603 1199 653 saturioro.

531 779 667 858 grapha,
695 785 822 865 reperta
846 793 917 837 esse
941 776 1062 837 0336363
1085 783 1117 836 36
1141 771 1382 837 Gosteld’Asso
1405 780 1707 856 supramemoravi.
1734 814 1777 824 -

534 881 591 940 Per
619 898 759 941 errorem
783 879 910 944 Siciliae
938 877 1079 940 tributae
1102 887 1178 940 sunt
1206 875 1338 958 glandes
1365 878 1434 958 agri
1463 878 1574 959 Regini
1598 897 1631 940 3.
1649 879 1701 959 hl,
1720 903 1744 945 3.
1764 905 1776 944 3

530 992 561 1043 36
585 983 754 1044 Perusinae
779 982 830 1059 66,
850 1004 878 1060 s,
904 979 961 1043 ubi
984 980 1069 1043 3663.

452 1085 526 1146 223.
556 1084 783 1165 [Aquileiae
813 1093 941 1165 reperta
969 1102 1038 1146 esse
1065 1081 1185 1145 dicitur
1206 1101 1238 1143 3.
1258 1083 1309 1160 66,
1328 1103 1342 1143 a
1365 1100 1448 1162 quae
1470 1099 1534 1144 non
1562 1081 1674 1147 dubito
1697 1088 1774 1166 quin

530 1187 657 1248 Perusia
678 1185 886 1267 provenerit]

453 1289 506 1350 23.
532 1287 704 1368 hpsorus
726 1287 857 1370 [Osserol
878 1290 912 1349 in
927 1289 1031 1351 insula
1042 1287 1212 1350 Liburniae
1227 1287 1320 1351 Crexi
1340 1286 1486 1369 (063333).
1511 1287 1635 1351 Viden.
1652 1292 1711 1353 609
1725 1311 1773 1373 sq.

454 1391 506 1451 at.
533 1392 746 1472 Hispania.
792 1390 1118 1454 vacassent.
1480 1371 1490 1403 ²

891 1750 1028 1821 INDEX
1055 1748 1309 1821 MVSEORVM.

430 1920 612 2003 Augusta
635 1923 916 1998 Taurinorum,
942 1935 1044 1980 museo
1067 1917 1101 1980 di
1121 1919 1306 2001 3366963363.
1342 1921 1420 1982 Tres
1442 1928 1632 2000 quattuorve
1655 1926 1777 2004 accepit

474 2025 515 2086 ab
545 2024 666 2104 Erebo,
704 2033 752 2085 ut
770 2025 797 2086 is
828 2024 974 2084 Henzeno
997 2030 1131 2083 testatus
1160 2029 1209 2083 est
1238 2041 1267 2083 3.
1295 2022 1388 2084 6882.
1449 2022 1637 2105 hpcgrapha
1665 2025 1776 2090 eodem

474 2146 556 2188 anno
579 2127 671 2188 nobis
693 2126 833 2207 benigne
856 2125 942 2186 misit
956 2125 1143 2186 Vincentius
1166 2125 1294 2204 Promis,
1320 2123 1579 2188 bibliothecarius
1601 2129 1716 2208 regius.
1737 2163 1776 2176 -

480 2229 560 2292 Vide
589 2249 622 2290 3.
642 2229 693 2309 72,
712 2247 726 2290 3
749 2238 780 2290 36
802 2247 834 2289 n.
861 2228 930 2305 90*‚
950 2248 1004 2289 1-s.

431 2332 691 2394 Mediolanum.
717 2330 746 2413 3)
767 2332 909 2392 hluseum
931 2328 1201 2409 archaeologicum
1221 2328 1364 2410 possidet
1379 2332 1546 2392 Perusinas
1561 2330 1652 2411 duas,
1678 2333 1777 2396 dona-

475 2444 522 2496 tas
538 2452 556 2495 a
572 2433 746 2515 Seraphiuo
761 2431 844 2511 Bilfi,
863 2450 999 2512 quarum
1015 2448 1078 2493 una
1093 2450 1156 2492 non
1173 2439 1221 2494 est
1237 2432 1399 2512 inscripta,
1418 2433 1517 2494 altera
1533 2441 1581 2496 est
1596 2452 1628 2496 n.
1647 2436 1699 2516 86,
1719 2455 1743 2498 3.

474 2537 501 2620 6)
528 2538 669 2599 hluseum
685 2555 703 2598 a
720 2535 944 2598 Poldi-Peaatli
964 2534 996 2615 (†
1009 2531 1102 2614 6879)
1123 2535 1296 2616 municipio
1316 2532 1468 2597 donatum
1491 2535 1633 2616 possidet
1648 2538 1779 2619 glandes

534 2648 600 2702 tres
623 2639 832 2719 inscriptione
855 2647 1013 2717 carentes,
1038 2655 1134 2699 unam
1157 2655 1262 2718 nuper
1282 2639 1425 2700 incusam
1448 2657 1482 2700 3.
1507 2637 1578 2716 7366,
1595 2661 1620 2701 r.
1659 2642 1782 2704 Catale-

531 2761 590 2824 gus
613 2743 689 2804 3336
713 2741 790 2802 6886
832 2739 855 2822 (3
865 2740 915 2803 663
937 2737 1110 2802 huctorum
1140 2737 1277 2802 indicem
1307 2757 1333 2802 s.
1359 2758 1391 2801 v.
1417 2738 1653 2823 Poldi-Peazoli)
1680 2763 1712 2823 p.
1739 2745 1778 2806 68

531 2844 674 2907 breviter
697 2850 859 2906 memorat.

478 2948 504 3030 3)
530 2947 687 3009 Hamilcar
707 2946 847 3008 Ancona.
894 2942 972 3005 Vide
995 2961 1092 3024 supra
1116 2963 1148 3022 p.
1167 2944 1238 3004 XIX
1261 2962 1293 3005 n.
1311 2961 1372 3008 333.
1389 2963 1430 3006 rr.
1450 2979 1488 2990 -
1506 2945 1614 3010 Prodit
1638 2948 1780 3032 Gutolopo

532 3050 707 3113 deserittivo
722 3049 799 3111 delle
814 3047 945 3111 raccolte
968 3048 1077 3130 episto,
1094 3063 1286 3127 preromortc
1300 3046 1338 3108 ed
1352 3055 1620 3112 amasco-romono
1634 3049 1669 3112 di
1682 3047 1780 3116 Amil-

531 3170 603 3214 core
616 3149 743 3215 Ancona
769 3147 891 3230 [hlilano
909 3149 992 3211 6886
1008 3147 1129 3230 3333),
1159 3147 1218 3210 336
1240 3148 1281 3212 36
1302 3151 1359 3212 has
1380 3169 1433 3212 res
1454 3151 1597 3215 nondum
1617 3155 1778 3234 pervenit.

436 3255 561 3317 Vditte.
610 3253 745 3317 Viden.
771 3251 934 3332 8t*,s-u.

433 3359 618 3419 Ferrato.
665 3356 817 3438 Iosephus
847 3356 992 3418 Boschini
1020 3352 1205 3434 possidebat
1234 3353 1314 3417 duas
1342 3354 1474 3436 glandes
1500 3355 1585 3438 (3.6
1616 3357 1723 3421 adnot.
1749 3369 1782 3422 et

476 3457 561 3542 662),
588 3458 629 3521 ab
650 3457 773 3522 Alassio
799 3456 905 3541 (6829)
932 3465 965 3520 36
986 3458 1110 3519 hlinicio
1132 3466 1330 3518 memoratas.

430 3561 616 3625 Bononia.
661 3563 696 3622 ln
726 3579 836 3624 museo
858 3561 1076 3624 universitatis
1101 3558 1351 3622 asservabantur
1375 3560 1501 3640 8Sept.
1522 3559 1616 3642 6877,
1642 3559 1781 3642 quodie

474 3665 553 3746 vidi,
580 3663 712 3746 glandes
733 3661 884 3726 undecim
907 3663 1040 3743 originis
1066 3679 1129 3724 non
1152 3661 1325 3738 indicatae;
1365 3662 1450 3724 inter
1476 3681 1531 3724 eas
1558 3672 1679 3745 septem
1707 3676 1783 3729 sunt

474 3769 583 3830 Latine
613 3769 787 3848 inscriptae
809 3783 842 3826 3.
863 3768 892 3845 6,
913 3786 951 3828 11.
978 3766 1008 3846 6,
1028 3787 1067 3830 33.
1099 3767 1153 3843 26,
1173 3786 1211 3828 rr.
1237 3765 1290 3843 30,
1310 3785 1347 3828 to.
1374 3765 1426 3825 88.
1461 3765 1534 3842 llil,
1553 3787 1577 3828 1.
1611 3767 1683 3847 tlt,
1716 3785 1782 3830 una

474 3871 593 3933 Graece
606 3871 770 3950 inscripta,
789 3877 854 3930 tres
867 3869 1074 3949 inscriptione
1085 3878 1240 3931 carentes.
1255 3901 1298 3912 -
1310 3867 1355 3928 De
1366 3865 1581 3932 hldrovandio
1592 3868 1705 3932 viden.
1718 3869 1778 3950 7,3.

432 3973 564 4054 Cupra
586 3974 782 4035 Montana.
829 3969 909 4032 Vide
932 3990 963 4033 n.
980 3969 1052 4033 88'.

430 4076 620 4138 Firmum.
677 4073 819 4137 Caietani
851 4071 891 4136 de
920 4072 1044 4134 hlinicis
1077 4070 1108 4154 (†
1123 4070 1164 4133 27
1182 4073 1272 4136 hlart.
1299 4070 1393 4154 6876)
1427 4074 1575 4154 supellex
1602 4075 1782 4155 antiquaria

472 4185 698 4258 postmortem
722 4176 792 4238 eius
814 4173 979 4238 divendita
1001 4184 1064 4252 est;
1090 4173 1255 4254 glandium
1277 4193 1343 4239 una
1369 4173 1414 4257 (3.
1435 4174 1486 4257 66)
1514 4174 1555 4238 36
1578 4175 1785 4241 Guardabas-

472 4280 573 4361 sium,
599 4279 666 4342 XVl
689 4278 730 4342 ad
751 4278 1012 4341 hessi-Scottium
1035 4277 1203 4341 Perusinos
1225 4287 1442 4359 pervenerunt
1468 4277 1510 4358 (3.
1528 4298 1561 4359 p.
1579 4279 1700 4360 xxv1).

430 4385 738 4463 Ripotrccsocc.
791 4382 825 4442 ln
856 4399 966 4444 museo
997 4379 1091 4443 636333
1121 4379 1203 4444 vidit
1232 4379 1436 4444 Gabriellius.
1468 4415 1512 4426 —
1540 4381 1586 4443 De
1615 4383 1781 4446 Francisoo

474 4487 599 4549 Sciarra
622 4483 757 4548 Condivi
780 4483 821 4546 cl.
846 4481 888 4546 36
909 4502 941 4546 3.
961 4483 1013 4560 35,
1032 4502 1056 4546 a.

431 4587 848 4650 Asculum-Picenum.
894 4585 923 4668 a)
950 4587 985 4647 ln
1001 4604 1111 4648 museo
1127 4586 1226 4648 civico
1241 4594 1394 4648 autumno
1416 4583 1491 4647 3336
1510 4584 1592 4648 6877
1608 4585 1674 4649 vidi
1689 4586 1784 4667 glan-

474 4690 532 4754 des
554 4691 711 4772 genuinas
734 4691 903 4771 inscriptas
926 4688 1014 4768 CXV,
1051 4706 1130 4769 quas
1160 4686 1293 4750 exhibui
1314 4706 1347 4749 n.
1367 4687 1462 4748 3-9.
1490 4688 1542 4750 62.
1569 4687 1621 4750 66.
1648 4689 1700 4750 66.
1727 4690 1779 4752 68.

474 4794 613 4857 26-26.
632 4793 774 4855 26-36,
791 4792 832 4853 87
849 4799 914 4854 336.
933 4791 986 4852 38.
1006 4792 1059 4854 62.
1077 4791 1129 4852 63.
1149 4789 1206 4868 66;
1229 4790 1290 4852 his
1312 4809 1341 4853 a.
1369 4789 1451 4851 6878
1475 4799 1507 4852 36
1530 4789 1613 4852 6879
1637 4809 1784 4855 3333333-

473 4905 549 4959 runt
564 4896 708 4978 quinque
723 4895 766 4979 (3.
785 4896 816 4974 6,
836 4915 874 4957 n.
891 4913 977 4959 33-33.
995 4893 1062 4975 36).
1103 4894 1258 4966 Quattuor
1272 4892 1526 4974 Corropolitanae
1549 4903 1640 4975 sunt,
1660 4903 1784 4958 ceterae

472 5017 595 5079 omnes,
621 5000 717 5062 etiam
740 5018 807 5076 eae,
832 5015 969 5078 quarum
991 4997 1078 5078 origo
1100 5014 1164 5058 non
1188 4993 1308 5060 diserte
1323 4995 1470 5061 36336363
1493 5007 1552 5077 336,
1579 4996 1782 5062 hauddubie

473 5099 599 5183 Asculi,
631 5101 778 5184 inprimis
807 5101 840 5162 in
870 5099 1039 5163 Castellani
1062 5098 1151 5162 alveo
1180 5107 1328 5180 repertae
1350 5109 1436 5164 sunt.
1489 5101 1600 5164 Exstat
1622 5099 1785 5181 catalogus

473 5221 548 5282 333,,
574 5206 607 5267 63
630 5222 693 5285 quo
715 5205 832 5286 cuique
855 5202 964 5286 glandi
987 5201 1171 5266 adnotatum
1194 5211 1253 5281 336,
1280 5222 1343 5284 quo
1367 5221 1450 5266 anno
1473 5212 1515 5284 36,
1542 5204 1569 5266 36
1593 5211 1698 5285 empta
1721 5211 1782 5282 336,

474 5326 537 5389 quo
559 5309 662 5388 pretio
684 5309 841 5390 acquisita
863 5307 916 5386 sit,
942 5307 1052 5370 multis
1073 5314 1249 5387 praeterea,
1274 5304 1332 5368 ubi
1355 5315 1501 5387 repertae
1522 5307 1587 5369 sint
1609 5316 1664 5370 aut
1686 5323 1785 5387 aquo
