3922 6240
623 613 666 662 ΕΤ
684 611 858 672 RELIQVAE
879 613 1034 663 PIGENAE.

154 2539 204 2607 30
229 2552 238 2603 4
268 2547 432 2617 Descripsi:
459 2559 597 2604 0144414

181 2656 197 2708 2
222 2651 386 2720 Descripsi:
414 2640 564 2725 0441))441

182 2758 197 2810 3
222 2751 370 2821 4444414444
392 2751 478 2807 valde
501 2751 649 2806 detritam:
676 2753 809 2808 0141414

183 2861 215 2913 l:
242 2853 313 2910 Tab.
326 2855 362 2909 44
381 2857 430 2910 44.
476 2854 641 2923 Descripsi:
668 2842 799 2932 04444441)

182 2963 199 3016 5
222 2959 383 3028 Descripsi:
411 2939 550 3050 014444).
583 2956 706 3012 Litterae
729 2969 745 3008 1
768 2953 848 3010 414444
871 2970 973 3010 441444
995 2955 1205 3026 aliquantulum
1229 2951 1369 3026 producta
1392 2966 1445 3027 est,
1470 2967 1504 3017 ut

223 3066 322 3118 tamen
343 3059 379 3115 de
403 3075 412 3114 1
434 3060 520 3131 ligata
543 3059 661 3130 cogitari
684 3072 743 3112 non
764 3071 851 3127 posse
873 3057 1014 3113 videatur.

184 3170 219 3221 6:
246 3163 318 3220 Tab.
333 3164 369 3218 44
389 3166 425 3219 45
443 3168 472 3218 44
489 3166 538 3218 48.
585 3161 732 3230 Descripsi
753 3166 786 3216 ut
807 3175 906 3228 supra.

183 3271 216 3324 'l:
243 3265 366 3323 Tanti
385 3269 435 3322 43.
482 3264 628 3335 Descripsi
655 3268 688 3318 ut
717 3278 814 3333 supra.
843 3291 887 3301 -
915 3263 1058 3333 llnggiero
1088 3279 1118 3320 n.
1147 3269 1224 3334 253;
1259 3265 1399 3323 Garrucni
1428 3266 1500 3338 Syll.

223 3385 253 3426 n.
275 3373 348 3426 9441
373 3380 509 3424 04444111
530 3366 615 3422 male.

184 3480 217 3531 8:
244 3472 314 3529 Tab.
330 3472 364 3527 44
383 3474 432 3527 44.
478 3471 627 3540 Descripsi
650 3475 781 3538 4444414
797 3468 915 3525 exhibui
936 3463 1018 3546 (44414
1037 3470 1109 3525 duas
1130 3470 1245 3526 ultimas
1267 3471 1377 3527 litteras
1391 3469 1504 3541 plumbi

224 3575 364 3647 particula
387 3574 502 3630 desecta
526 3566 595 3648 444).
621 3601 664 3612 -
685 3572 829 3643 Ruggiaro
851 3589 881 3628 n.
903 3577 981 3641 tem
1006 3573 1145 3630 Ganncci
1168 3572 1238 3644 Syll.
1258 3589 1288 3629 n.
1308 3577 1363 3630 474
1393 3587 1503 3630 onnam

222 3678 308 3734 male,
357 3677 437 3733 44444
460 3683 492 3733 ut
513 3675 630 3732 videtur
651 3673 769 3730 4114144144
797 3676 840 3730 De
861 3675 973 3732 Minicis
995 3675 1056 3732 tab.
1075 3676 1099 3730 ll
1122 3692 1151 3731 n.
1173 3680 1229 3732 72:
1270 3670 1396 3732 opiam
1422 3669 1504 3752 (per-

223 3796 324 3852 peram
346 3781 444 3836 clausa
474 3793 489 3834 4
519 3785 549 3835 44
576 3770 747 3851 44144),
780 3779 830 3847 qui
853 3779 883 3833 in
905 3780 1113 3834 commentario
1135 3792 1256 3848 prorsus
1278 3781 1387 3850 omisit,
1426 3772 1503 3856 (inde

223 3883 331 3940 ltitschl
354 3890 376 3938 t.
395 3883 434 3938 [Χ
458 3887 491 3939 64
521 3887 550 3937 44
571 3880 731 3936 Mommsen
754 3894 784 3935 n.
805 3873 890 3954 4444).

182 3991 217 4045 9:
242 3985 364 4042 Tanti
383 3989 431 4041 46.
479 3984 644 4054 [4444144441
685 3995 808 4038 omen
837 3975 878 4059 (411
907 3983 964 4038 line
994 3990 1091 4040 utrum
1121 3999 1139 4039 1
1166 3985 1203 4039 444
1232 4000 1270 4039 44
1301 3999 1326 4053 1,
1360 3987 1503 4041 incertum

224 4089 293 4158 444).
317 4116 360 4126 -
383 4086 498 4143 Florelli
515 4087 607 4142 04444.
623 4102 652 4142 4.
669 4089 703 4142 44
721 4107 763 4132 =
777 4090 853 4154 ²⁴93
882 4085 1021 4142 Garrueci
1036 4086 1109 4159 Syll.
1124 4103 1155 4142 4.
1171 4090 1247 4143 att:
1285 4101 1397 4144 014441
1413 4088 1499 4144 male.

163 4197 199 4249 44
228 4191 395 4259 Descripsit
421 4201 547 4244 014441.
567 4217 605 4236 -ν
622 4187 748 4255 44444414,
775 4189 826 4257 qui
849 4204 914 4244 cum
932 4189 1110 4246 llommsano
1133 4190 1358 4246 communicavit
1377 4183 1472 4265 (Corp.
1493 4189 1505 4244 l

221 4311 252 4365 p.
273 4297 333 4350 5644
357 4291 395 4347 ad
417 4306 447 4346 n.
469 4284 555 4363 740),
582 4291 652 4362 legit
673 4302 857 4358 41044444,
885 4291 913 4346 id
931 4290 1010 4362 quod
1033 4291 1144 4348 admitti
1166 4307 1350 4363 nequaquam
1373 4298 1478 4363 potest.

163 4401 193 4452 44
222 4397 383 4465 Descripsi:
411 4405 546 4452 ortam.
578 4392 697 4448 Videtur
711 4407 775 4448 4444
798 4393 933 4464 genuina.
961 4421 999 4433 -
1030 4394 1084 4449 Ed.
1101 4394 1193 4464 Bergk
1215 4395 1312 4451 4444411.
1338 4393 1435 4450 latri.
1464 4398 1503 4451 55

226 4490 331 4573 (4845)
358 4513 388 4568 p.
410 4501 447 4553 52
465 4516 507 4542 =
522 4495 818 4568 Sellandergescltosse
840 4511 869 4566 p.
893 4500 962 4553 444.

201 4617 292 4675 444444
313 4614 435 4686 34441444,
462 4630 550 4686 quam
573 4615 611 4672 ad
632 4613 771 4672 Asculum
793 4616 939 4687 pertinere
961 4631 1039 4673 4444
1063 4614 1181 4671 demum
1204 4632 1290 4671 exn.
1315 4620 1394 4671 4-8
1418 4616 1505 4672 intel·

157 4721 288 4790 441411144,
316 4719 445 4790 prolatae
468 4718 585 4774 luerunt
605 4718 744 4775 lectiones
766 4718 838 4774 hae:

312 4815 563 4896 onffincffi(oeam)
584 4821 754 4878 Mommseni
775 4837 810 4877 411
825 4821 931 4878 44444444
951 4815 998 4898 (de
1013 4822 1136 4879 lectione
1152 4817 1282 4899 tacentis)
1304 4823 1425 4891 imagine
1446 4816 1453 4897 (
1479 4815 1502 4898 ).

312 4937 501 4982 uno-annea
523 4923 643 4980 lloechii
669 4918 747 4999 (44).

313 5039 424 5082 014441
449 5026 533 5083 (4411.
564 5019 619 5104 (8).

314 5142 452 5185 01144411
475 5129 558 5186 (iam.
590 5123 646 5204 (7).

313 5243 435 5287 oiston
463 5231 631 5302 Desjardins
655 5239 667 5380 )
693 5247 727 5287 ex
759 5231 932 5287 4444444444
972 5230 1049 5286 444444
1083 5231 1136 5286 sed
1172 5245 1206 5286 ex
1240 5230 1345 5286 llinicii
1379 5231 1503 5304 imagine

315 5329 454 5390 oniam
474 5333 567 5404 Bergk
691 5333 831 5403 repetitis.
