3902 6238
449 587 470 656 8
930 599 1090 650 eunucus
1108 601 1314 652 Asovunuau

446 799 508 854 iere
531 812 620 868 quam
642 795 722 852 credi
745 802 840 866 potest
862 796 994 852 intestata
1017 803 1046 852 et
1069 799 1106 852 ita
1130 800 1262 853 intricata
1278 805 1330 864 est,
1358 804 1389 853 ut
1411 799 1447 853 iis
1467 815 1567 854 omnes
1591 798 1794 871 deciperemur

448 909 475 958 et
491 902 608 959 omnino
624 915 658 956 eo
675 901 730 954 iam
746 915 794 954 res
810 899 933 956 deducta
957 907 1044 968 esset,
1070 906 1102 956 ut
1124 916 1218 970 paene
1234 901 1337 956 melius
1353 899 1482 956 essetab
1498 901 1543 957 his
1559 903 1793 974 inscriptionibus

447 1004 621 1061 adhibendis
649 1003 734 1072 plane
763 1002 921 1058 abstinere.
968 1003 1142 1058 Examinetis
1164 1009 1260 1059 autem
1290 1005 1373 1074 longe
1396 1006 1519 1060 maxima
1541 1005 1689 1076 glandium
1713 1013 1793 1078 parte

447 1109 477 1161 in
499 1108 608 1162 museis
630 1121 688 1175 qua
711 1105 837 1176 publicis
859 1120 916 1176 qua
938 1107 1057 1176 privatis
1079 1111 1258 1161 servatarum
1281 1108 1414 1163 effecisse
1436 1105 1506 1161 mihi
1524 1108 1636 1178 videor,
1662 1115 1694 1164 ut
1716 1127 1793 1167 nunc

448 1212 573 1279 primum
596 1211 688 1265 series
711 1224 811 1264 earum
833 1210 908 1264 sicut
938 1208 975 1264 ab
999 1207 1149 1266 erroribus
1171 1209 1313 1266 editomm
1342 1212 1472 1282 priorum
1501 1212 1539 1266 ita
1567 1229 1584 1266 a
1612 1212 1792 1269 falsariomm

446 1312 598 1368 fraudibus
624 1318 744 1382 purgata
775 1310 915 1382 prodiret.
984 1310 1153 1380 Spuriarum
1190 1314 1336 1384 ingentem
1361 1330 1515 1369 numerum
1542 1316 1571 1370 in
1597 1313 1655 1370 fine
1681 1315 1793 1373 subieci

448 1415 602 1472 collectum
625 1414 828 1485 digestumque
852 1429 941 1484 opera
963 1429 1058 1483 aeque
1079 1415 1208 1472 taediosa
1230 1431 1263 1471 ac
1286 1418 1460 1473 necessaria.

534 1516 688 1574 Glandium
717 1516 928 1572 Asculanorum
954 1516 1028 1572 haec
1059 1517 1146 1575 editio
1175 1535 1240 1575 mea
1270 1534 1365 1591 nuper
1393 1523 1424 1575 in
1453 1519 1580 1590 Corpore
1610 1521 1702 1576 luscr.
1728 1521 1788 1576 Lat.

448 1620 506 1677 vol.
525 1621 565 1675 lX
586 1637 615 1675 n.
637 1625 717 1676 6036
735 1634 879 1673 ι-ιιιιιιι
907 1635 1039 1677 seorsum
1068 1637 1174 1677 excusa
1203 1627 1257 1678 est.
1315 1623 1358 1679 lbi
1386 1621 1506 1693 glandes
1533 1621 1636 1679 iisdem
1663 1624 1794 1679 numeris

446 1725 555 1794 signavi
586 1723 639 1778 nisi
674 1722 753 1792 quod
782 1738 803 1776 ι.
829 1738 859 1777 ιι.
887 1737 918 1776 ιιι
956 1724 1011 1777 ianr
1043 1725 1143 1779 mutati
1175 1731 1243 1779 sunt
1271 1725 1301 1780 in
1325 1729 1354 1781 3.
1382 1729 1434 1781 34.
1469 1723 1522 1780 34.
1582 1725 1733 1781 Praeterea
1763 1727 1792 1780 iu

447 1825 575 1895 Corpore
603 1826 726 1880 omissae
752 1832 819 1880 sunt
844 1823 960 1880 tabulae
983 1825 1170 1897 phototypae,
1197 1842 1264 1882 cum
1293 1826 1352 1882 illic
1374 1826 1493 1896 quidem
1519 1827 1588 1882 satis
1611 1841 1677 1882 esse
1699 1829 1793 1884 visum

447 1934 525 1983 esset
554 1929 758 1998 inscriptiones
781 1927 922 1998 quasdam
944 1928 1096 1985 delineatis
1124 1929 1298 2001 imaginibus
1324 1935 1556 2001 repraesentare.
1603 1929 1713 1986 Rursus
1737 1930 1791 1988 hoc

446 2030 510 2086 loco
531 2032 670 2098 imagines
693 2030 852 2086 delineatas
875 2030 1020 2101 glandium
1052 2035 1079 2100 4,
1101 2047 1137 2088 lt.
1173 2038 1201 2102 6,
1221 2049 1261 2090 tc.
1278 2049 1317 2089 44.
1335 2047 1374 2088 44.
1407 2036 1480 2100 9,4.
1501 2047 1537 2087 lo.
1558 2047 1594 2088 44.
1615 2048 1652 2088 is.
1680 2037 1730 2100 24,
1751 2049 1789 2090 ιι.

447 2137 542 2200 25,1.
570 2137 620 2202 33,
641 2147 664 2187 ι.
692 2137 742 2201 38,
762 2149 786 2189 4.
814 2137 864 2190 39.
893 2135 942 2203 til,
963 2149 987 2189 ι.
1017 2137 1096 2202 44,ι
1125 2136 1225 2205 omisi,
1257 2137 1325 2206 quia
1355 2134 1391 2189 ad
1421 2149 1520 2190 earum
1548 2132 1654 2190 ductus
1682 2151 1793 2207 cogno-

447 2234 571 2290 scendos
601 2234 733 2303 exempla
766 2233 925 2306 phototypa
955 2236 1113 2304 sulficiuut3
1140 2237 1268 2310 reliquas
1297 2236 1451 2294 nonnullas
1480 2237 1528 2294 hic
1557 2240 1659 2309 repetii
1688 2241 1792 2309 partim

447 2344 618 2410 propterea,
652 2337 731 2406 quod
762 2337 893 2409 exempla
922 2337 1070 2410 heliotypa
1094 2340 1231 2396 evanidas
1260 2341 1321 2396 illas
1344 2340 1554 2412 inscriptiones
1582 2346 1614 2396 ut
1636 2345 1793 2397 consenta-

447 2457 534 2497 neum
558 2445 612 2509 est,
638 2443 734 2496 minus
756 2440 833 2496 clare
856 2439 995 2498 exhibent
1017 2447 1046 2498 et
1060 2443 1222 2499 curandum
1245 2443 1307 2511 luit,
1334 2448 1366 2498 ut
1380 2442 1511 2499 lectionis
1526 2460 1543 2498 a
1561 2459 1609 2498 me
1625 2445 1791 2514 propositae

445 2543 612 2600 huiusmodi
640 2544 837 2614 interpretatio
866 2546 1085 2614 recognoscenti
1112 2544 1321 2617 praeberetur;
1363 2545 1505 2601 accedunt
1533 2545 1673 2616 pauculae
1704 2547 1788 2614 aliae,

446 2663 569 2718 quarum
599 2662 666 2703 cum
693 2646 781 2703 lectio
808 2653 922 2717 reperta
950 2647 1079 2703 nondum
1107 2650 1144 2703 sit
1165 2663 1199 2703 ac
1226 2648 1346 2705 tortasse
1368 2649 1491 2718 reperiri
1513 2649 1631 2705 omnino
1653 2659 1789 2720 nequeat,

445 2751 576 2820 vestigia,
603 2765 678 2821 quae
701 2747 772 2804 mihi
795 2755 909 2804 exstare
926 2749 1071 2817 videntur,
1098 2751 1295 2822 typographus
1317 2756 1537 2820 repraesentare
1559 2766 1617 2807 non
1639 2753 1741 2820 possit.

532 3143 563 3198 L.
582 3143 687 3199 Marcio
708 3143 838 3213 Philippo
862 3142 928 3198 Sex.
948 3141 1018 3198 lulio
1034 3141 1156 3198 Caesare
1179 3142 1349 3199 consulibus
1376 3135 1412 3217 (a.
1432 3158 1462 3198 u.
1484 3136 1555 3218 363)
1582 3143 1681 3214 populi
1703 3144 1793 3200 Italici

444 3247 619 3303 allomeris
642 3245 813 3302 deiecerunt
823 3239 843 3320 ¹)
877 3247 957 3302 initio
984 3251 1062 3301 moto
1092 3262 1108 3300 a
1139 3244 1319 3313 Picentibus,
1353 3247 1404 3315 qui
1432 3244 1488 3302 sub
1517 3245 1606 3300 finem
1636 3247 1698 3301 eius
1725 3248 1792 3302 anni

444 3349 544 3407 Asculi
567 3348 719 3405 Servilium
746 3348 951 3420 proconsulem
974 3364 1008 3403 ex
1031 3353 1169 3419 praetura
1196 3348 1317 3403 missum
1339 3349 1550 3419 Fonteiumque
1572 3349 1697 3418 legatum
1725 3366 1793 3406 cum

446 3452 593 3522 omnihus,
612 3453 663 3522 qui
685 3453 715 3507 in
739 3468 774 3509 eo
797 3451 903 3523 oppido
927 3457 988 3507 tum
1011 3450 1142 3518 aderaut,
1168 3450 1281 3507 civibus
1298 3452 1433 3508 Romanis
1455 3443 1681 3527 trucidarunt2).
1716 3451 1792 3509 Socii

444 3555 554 3612 ltaliam
583 3557 613 3612 in
635 3555 708 3611 duas
730 3561 828 3625 partes
850 3555 1011 3612 divisemut
1039 3553 1268 3625 consulibusque
1291 3553 1406 3612 duobus
1433 3569 1500 3611 cum
1523 3555 1677 3612 duodecim
1704 3571 1794 3626 prae-

445 3655 557 3715 toribus
580 3662 684 3716 creatis
713 3658 836 3714 altemm
865 3659 981 3715 illorum
1002 3657 1034 3713 C.
1053 3659 1170 3729 Papium
1193 3658 1323 3714 ltutilum
1351 3660 1426 3729 parti
1450 3657 1640 3725 meridionali,
1667 3658 1793 3714 alterum

445 3761 481 3831 Q.
501 3755 728 3838 Poppaedium³)
756 3760 883 3817 Silonem
906 3761 1124 3833 septentrionali
1146 3754 1397 3837 praefecerunt⁴).
1437 3762 1470 3816 ln
1492 3762 1622 3818 exercitu
1645 3763 1791 3817 sociorum

445 3870 562 3921 centum
591 3865 669 3920 milia
699 3864 830 3935 peditum
860 3865 1050 3935 equitumque
1078 3863 1168 3920 luisse
1196 3863 1367 3935 traduntur,
1400 3863 1579 3934 totidemque
1604 3865 1634 3918 in
1664 3863 1793 3920 Romano

450 3961 534 4042 (App.
557 3970 584 4034 l,
603 3961 668 4042 39).
716 3966 784 4022 Ceri
806 3972 903 4022 autem
926 3971 1062 4038 coeptum
1085 3971 1127 4021 est
1150 3965 1260 4022 bellum
1283 3981 1358 4023 anuo
1381 3967 1545 4037 insequenti
1572 3958 1612 4042 (u.
1632 3982 1659 4021 c.
1680 3959 1750 4040 364)
1766 3962 1787 4038 ⁵}

446 4085 513 4126 cum
535 4068 603 4125 alibi
631 4067 668 4124 ah
691 4068 753 4124 aliis
776 4075 837 4124 tum
860 4070 889 4124 in
912 4067 1078 4126 Picentibus
1107 4084 1124 4123 a
1153 4068 1206 4124 Cn.
1233 4070 1367 4138 Pompeio
1389 4067 1531 4125 Strabone
1553 4068 1586 4123 P.
1612 4069 1697 4125 Rutili
1719 4068 1791 4139 Lupi

446 4172 575 4230 consulis
596 4164 736 4247 legant).
783 4173 811 4228 ls
832 4173 926 4243 primo
949 4175 1044 4229 victus
1066 4177 1110 4228 est
1137 4165 1230 4247 (Oros.
1252 4163 1270 4247 ᾗ
1289 4166 1337 4247 til)
1364 4171 1400 4229 ab
1424 4171 1456 4227 C.
1474 4167 1658 4243 Videcilio⁷l,
1685 4173 1717 4228 T.
1736 4172 1793 4227 La·

515 4388 537 4450 4)
560 4387 694 4440 Diodorus
707 4392 738 4439 47
758 4401 800 4454 ep.
822 4388 910 4448 Phot,
930 4388 1026 4440 Strabo
1044 4391 1058 4438 3
1078 4371 1105 4454 p.
1120 4391 1180 4448 att,
1200 4388 1292 4439 Livius
1310 4401 1368 4454 per.
1384 4392 1415 4438 72
1429 4407 1462 4431 =
1477 4389 1553 4440 Oros.
1568 4391 1593 4448 3,
1610 4392 1640 4438 43
1655 4387 1668 4453 4
1682 4395 1706 4448 3,
1731 4389 1792 4438 Plo-

444 4487 491 4525 rus
510 4477 536 4534 4,
552 4477 577 4534 3,
598 4475 710 4540 Appiae.
730 4475 757 4524 h.
778 4475 828 4524 cir.
846 4478 870 4535 4,
886 4477 928 4526 tt.

514 4561 536 4622 2)
560 4559 616 4608 Liv.
637 4573 695 4626 per.
715 4562 742 4610 et
759 4561 847 4620 Oros,
868 4563 935 4626 App.
958 4564 982 4620 4,
1003 4565 1045 4611 33.
1065 4588 1100 4596 -
1119 4561 1155 4611 lle
1174 4559 1287 4612 Servilio
1312 4559 1346 4610 cl.
1366 4561 1516 4611 Mommsen
1535 4560 1697 4614 Stootereobt
1715 4561 1788 4611 4414

447 4649 469 4696 ιι
482 4661 510 4712 p.
526 4649 575 4694 ere
595 4647 649 4696 not.
665 4651 690 4695 4.

514 4735 538 4794 3)
560 4732 722 4794 Poppaedius
745 4735 786 4782 est
810 4734 838 4782 in
858 4731 1005 4783 Periochae
1029 4731 1124 4782 codice
1142 4731 1307 4792 Nazarieno,
1334 4745 1421 4796 eaque
1443 4731 1530 4783 torma
1549 4731 1729 4782 confirmatur
1746 4733 1790 4782 in-

444 4817 653 4884 scriptionibus;
676 4818 821 4882 Poppedius
840 4819 949 4868 Orosius
968 4821 995 4868 et
1013 4817 1143 4878 Velleius,
1162 4813 1320 4886 Πομπαίδιος
1338 4817 1448 4869 Diodor.
1468 4819 1495 4868 et
1514 4819 1581 4884 App.

514 4905 537 4964 i)
558 4903 669 4955 Diodor.
690 4917 749 4954 exc.
769 4903 844 4954 Phot.
865 4918 891 4969 p.
909 4908 958 4954 333
977 4904 1066 4956 Wess.

513 4990 537 5050 tl
558 4989 645 5050 Quare
671 4989 736 5040 huic
759 5003 830 5040 enno
854 4991 1018 5056 principium
1041 4989 1104 5040 belli
1128 4988 1288 5042 adscribunt
1313 4989 1373 5041 lasti
1391 4989 1535 5056 Capitolini
1562 4987 1603 5052 (cl.
1619 4988 1735 5055 Ephem.
1755 4989 1789 5038 IV

443 5091 469 5142 p.
486 5076 557 5138 434),
578 5075 647 5128 vell.
662 5079 688 5136 2,
704 5079 745 5138 43,
766 5075 869 5127 Plinius
888 5089 914 5129 n.
929 5075 986 5126 ht
1005 5075 1090 5142 3493.

513 5163 537 5224 ol
559 5163 636 5213 Oros.
651 5165 676 5223 3,
693 5166 724 5212 48
742 5160 815 5227 §⁴⁰3
837 5163 904 5228 App.
921 5165 945 5223 4,
960 5165 1001 5212 to.

513 5249 537 5306 44
558 5249 603 5298 Sic
629 5247 692 5310 (non
716 5247 865 5310 1444444444)
893 5249 980 5298 orosii
1005 5247 1129 5310 codices;
1157 5242 1229 5298 odet.
1251 5247 1365 5312 Appiani
1385 5251 1410 5307 t,
1426 5249 1457 5296 44
1483 5246 1592 5299 codices
1616 5247 1722 5312 optimi.
1761 5247 1789 5296 ln

445 5333 523 5384 titulo
541 5333 621 5400 Corp.
640 5333 694 5385 vol.
710 5334 745 5384 111
764 5347 791 5383 n.
805 5336 872 5384 3444
891 5332 1008 5384 habetur
1025 5346 1176 5398 cognomen
1195 5331 1373 5393 Quidacilius.
