3902 6238
694 1756 1031 1846 PRAEFATIO.

193 2097 328 2241 Primo
353 2179 500 2260 Corporis
530 2179 690 2242 volumine
720 2199 792 2241 cum
823 2180 946 2260 priscae
978 2181 1201 2260 inscriptiones
1231 2181 1358 2241 Latinae
1388 2199 1535 2261 compre-

193 2281 383 2345 hendendae
405 2290 530 2361 essent,
565 2285 776 2344 llommsenus
805 2282 874 2344 eius
904 2282 1063 2363 prodromi
1093 2284 1238 2344 instituto
1267 2301 1342 2344 sane
1365 2283 1534 2346 utilissimo

192 2394 315 2448 coactus
339 2384 472 2465 glandes
494 2403 621 2466 quoque
652 2385 820 2466 plumbeas
844 2386 956 2448 edidit.
1005 2385 1094 2448 Sicut
1117 2395 1222 2447 autem
1247 2387 1279 2446 in
1303 2386 1453 2447 universo
1476 2386 1535 2450 hoc

192 2487 359 2568 prodromo
382 2507 443 2550 usu
466 2489 576 2550 venire
599 2487 761 2569 praelatus
783 2498 848 2568 est,
875 2498 910 2550 ut
932 2489 1051 2560 nonin
1074 2488 1223 2550 omnibus
1245 2489 1360 2568 titulis,
1387 2489 1535 2550 maximis

193 2591 341 2671 minimis,
369 2610 419 2653 res
442 2591 552 2672 perlici
576 2601 691 2672 posset,
720 2601 873 2672 quantum
896 2610 955 2672 per
970 2610 1005 2654 se
1021 2591 1154 2654 deberet
1169 2600 1265 2671 atque
1281 2591 1387 2670 etiam,
1413 2590 1535 2652 scilicet

192 2695 218 2754 si
242 2693 273 2755 id
296 2694 445 2756 volumen
469 2713 531 2755 non
553 2695 690 2776 primurn
714 2695 771 2757 sed
794 2703 990 2775 postremum
1013 2691 1165 2775 prodiret,
1193 2702 1309 2774 posset,
1337 2693 1380 2754 ita
1402 2694 1534 2754 minime

192 2805 322 2878 propter
337 2796 469 2878 glandes
492 2798 524 2858 in
548 2807 593 2860 tot
608 2801 727 2860 muscis
743 2797 976 2878 conquirendas
992 2797 1088 2858 totius
1103 2797 1210 2877 operis
1226 2795 1395 2858 editionem
1412 2795 1534 2857 differri

191 2898 311 2961 debore
334 2909 582 2963 consentaneum
607 2911 686 2964 erat.
735 2903 843 2981 ltaque
866 2902 1092 2980 llornmsenos,
1125 2901 1224 2961 satius
1252 2918 1322 2961 esse
1345 2909 1432 2961 ratus
1455 2917 1536 2979 qua-

191 3001 262 3063 dam
293 3012 387 3064 tonus
415 3002 543 3084 prodire
573 3022 668 3084 quam
699 3004 781 3066 hanc
811 3013 934 3084 partem
965 3003 1091 3064 omnino
1119 3003 1282 3083 omittere,
1321 3021 1389 3063 rem
1412 3004 1454 3063 ita
1476 3000 1536 3062 ad-

193 3106 392 3184 ministravit,
418 3116 455 3167 ut
477 3106 620 3186 glandes,
653 3124 873 3187 quaecumque
896 3115 971 3168 tunc
994 3106 1034 3167 ab
1057 3106 1128 3166 aliis
1151 3104 1255 3167 editae
1279 3105 1416 3184 lucrant,
1443 3105 1534 3167 colli-

190 3218 278 3288 geret
305 3206 385 3290 (ipse
400 3210 484 3270 enim
507 3218 573 3271 tres
595 3219 717 3271 tantum
734 3208 864 3289 glandes
879 3212 1079 3271 Monacenses
1095 3207 1333 3291 descripserat),
1360 3206 1400 3269 ad
1423 3219 1533 3269 aucto-

192 3330 242 3372 res
257 3330 338 3374 suos
355 3321 529 3388 revocaret,
555 3312 595 3374 ad
618 3313 696 3374 artis
718 3312 805 3392 leges
821 3313 973 3392 exigeret.
1006 3313 1046 3372 Et
1062 3321 1147 3372 recte
1163 3311 1293 3392 quidem
1310 3312 1531 3388 Mommsenus‚

191 3425 349 3494 quatenus
371 3416 498 3476 omnino
521 3416 625 3496 potuit
647 3415 702 3496 qui
727 3415 794 3477 iere
817 3414 892 3476 solis
913 3413 1103 3496 apographis
1125 3414 1237 3474 alionis
1254 3422 1411 3492 uteretur,
1438 3421 1469 3475 et
1492 3412 1532 3474 de

191 3517 364 3598 legentium
394 3517 558 3580 erroribus
587 3527 618 3579 et
646 3517 686 3579 de
716 3516 914 3580 falsariorum
939 3515 1106 3579 fraudibus
1117 3516 1137 3600 1)
1165 3515 1328 3594 iudicavit,
1361 3524 1445 3576 certe
1469 3534 1530 3575 non

191 3619 340 3682 iudicavit
368 3621 465 3682 nimis
500 3639 630 3702 severe,
671 3640 745 3683 nam
773 3630 909 3701 utraque
944 3621 1038 3682 etiam
1067 3620 1161 3681 latius
1190 3629 1300 3699 patere
1330 3636 1416 3679 nunc
1445 3637 1531 3678 oom-

189 3721 374 3802 probavisse
398 3724 473 3783 mihi
498 3721 618 3783 videor.
666 3722 785 3784 Eadem
815 3722 881 3786 lere
904 3722 1035 3784 materia
1063 3740 1141 3785 usus
1169 3731 1218 3783 est
1238 3719 1444 3799 Bitschelios,
1478 3721 1529 3783 oui

188 3815 322 3886 ‘Priscae
352 3817 528 3886 Latinitatis
559 3826 768 3888 Monumentis
791 3815 1023 3906 Epigraphicis'
1051 3823 1204 3887 volumini
1238 3823 1341 3904 primo
1373 3822 1532 3884 adiunctis

189 3927 342 4006 imagines
365 3925 528 4008 glandium
552 3926 752 3989 exhibendae
776 3937 899 4005 essont3
931 3946 1005 3988 nam
1027 3927 1197 4008 plerasque
1220 3925 1349 4005 repetiit
1371 3943 1410 3986 ex
1433 3924 1529 3986 editis

188 4029 289 4109 libris,
316 4048 433 4111 paucas
456 4029 497 4092 ad
520 4031 665 4111 exempla
687 4029 856 4110 delineata,
881 4048 963 4110 quae
984 4031 1148 4095 Brunnius¹
1167 4038 1199 4090 ot
1221 4029 1375 4090 llarchius
1400 4047 1472 4089 cum
1495 4047 1531 4088 eo

188 4133 508 4195 communicaverant.
549 4132 613 4195 Sed
630 4133 710 4195 banc
725 4141 1003 4195 monumentorum
1018 4135 1154 4212 speciem
1170 4132 1393 4193 accuratiorem
1410 4140 1442 4192 et
1456 4148 1531 4210 pro-

186 4237 290 4316 priam
323 4234 385 4297 sibi
419 4255 547 4317 operam
580 4253 728 4316 poscere,
774 4245 912 4317 uterque
947 4235 1032 4298 haud
1067 4235 1224 4315 ignoravit
1257 4243 1288 4295 et
1322 4237 1531 4296 llommsenus

189 4337 307 4400 diserte
330 4337 491 4419 prolcssus
514 4349 563 4401 est
579 4338 640 4400 vol.
660 4341 719 4420 lp.
742 4340 801 4400 488
823 4338 874 4421 (cl.
893 4359 925 4420 p.
947 4340 1020 4415 489,
1044 4338 1101 4400 ubi
1118 4336 1158 4399 de
1173 4334 1339 4398 Asculanis
1360 4336 1528 4418 loquitur).

187 4442 282 4502 llulto
305 4442 401 4502 etiam
423 4442 522 4522 magis
546 4440 701 4503 eiusmodi
731 4441 848 4504 laboris
870 4443 1044 4503 necessitas
1066 4440 1231 4521 apparuit,
1264 4447 1432 4521 postquam
1454 4438 1529 4500 inde

187 4543 228 4605 ab
250 4562 333 4605 anno
351 4542 432 4604 4874
457 4545 631 4606 immensus
654 4543 817 4624 glandium
840 4545 1029 4625 scriptarum
1052 4561 1205 4604 numerus
1228 4542 1375 4623 provenit
1397 4549 1429 4602 et
1451 4540 1531 4602 fides

188 4664 295 4708 carum
324 4655 410 4708 tanto
437 4647 542 4709 studio
570 4656 720 4727 tantaque
750 4647 797 4708 ira
825 4646 1007 4728 disceptari·
1025 4654 1134 4727 coepta
1164 4655 1222 4707 est.
1268 4645 1377 4724 ltaque
1401 4644 1457 4724 qni
1480 4645 1532 4704 in-

187 4748 416 4830 scriptionibus
438 4751 557 4813 Latinis
587 4749 774 4831 colligendis
805 4749 846 4813 ab
875 4749 1034 4813 academia
1062 4749 1257 4811 Berolinensi
1288 4747 1425 4828 delegati
1455 4756 1530 4808 sunt

187 4852 411 4934 decreverunt,
437 4863 474 4915 ut
496 4852 660 4934 glandium
683 4854 790 4915 Latine
813 4854 1038 4934 inscriptorum
1062 4851 1160 4913 editio
1184 4853 1216 4912 in
1239 4852 1296 4913 hac
1319 4849 1530 4931 Ephcmeride

187 4953 379 5034 publicanda
412 4965 599 5037 pararetur,
626 4957 759 5037 eiusque
782 4975 892 5017 curam
915 4957 991 5017 mihi
1014 4952 1299 5017 demandaverunt.

257 5231 280 5292 4)
311 5230 387 5281 Adde
411 5223 481 5295 qnae
497 5230 685 5281 Mommsenos
704 5231 800 5281 eodem
820 5233 940 5294 tempore
966 5228 1000 5277 dc
1032 5227 1083 5278 hac
1105 5242 1135 5278 re
1159 5229 1185 5277 ln
1212 5229 1280 5278 Boll.
1301 5226 1359 5278 doll'
1379 5227 1441 5278 lact.
1462 5229 1529 5276 4864

188 5328 214 5382 p.
235 5317 266 5364 to
285 5315 362 5366 dixit.
