3922 6240
452 609 500 679 26
933 623 1090 672 acaunus
1108 622 1314 672 asovnauau

451 817 524 873 vidit
546 804 562 871 b
586 809 668 872 δεῖνα
685 817 847 872 Gronovius
867 819 914 872 cui
938 819 1121 886 inscriptum.
1161 818 1285 887 Fupitioi
1306 801 1438 871 Peristis'.
1476 815 1657 887 Quamquam
1682 832 1794 885 vereor,

452 936 488 976 ne
512 922 536 974 is
564 912 596 992 sl.
616 920 660 973 Fr.
682 911 856 994 Gronovius)
883 935 940 975 non
964 920 1056 988 ipsam
1078 919 1224 990 glandem,
1250 918 1303 975 sed
1327 919 1413 988 Lipsii
1436 922 1589 989 imaginem
1611 920 1726 975 viderit.

537 1023 629 1092 Prope
644 1019 782 1077 Asculum
798 1028 914 1092 reperta
929 1039 994 1078 esse
1010 1023 1141 1090 traditur,
1163 1037 1290 1092 quocum
1306 1025 1413 1092 optime
1430 1024 1565 1078 convenit
1579 1022 1690 1094 glandis
1707 1022 1798 1077 lorma

451 1131 483 1180 ut
505 1123 655 1180 Asculanis
678 1126 827 1196 plerisque
850 1126 964 1200 similo,
999 1128 1036 1180 ita
1060 1142 1076 1180 a
1098 1125 1244 1180 Perusinis
1267 1126 1416 1194 magisque
1439 1127 1525 1180 etiam
1548 1125 1652 1181 Siculis
1675 1125 1795 1180 distans.

451 1229 551 1299 ltaque
582 1235 661 1284 recte
692 1228 764 1284 baec
795 1244 913 1299 quoque
943 1228 980 1284 ad
1003 1230 1149 1285 sociorum
1172 1228 1282 1284 bellum
1312 1229 1455 1284 referetur
1477 1235 1505 1283 et
1528 1228 1566 1283 ita
1593 1226 1794 1298 explicabitur,

450 1337 482 1386 ut
509 1333 581 1387 socii
604 1329 730 1387 rebelles
750 1317 878 1388 ‘militari
901 1331 1058 1387 acerbitate
1080 1331 1247 1388 aRomanis
1270 1331 1402 1386 dicantur
1417 1315 1538 1401 fugitivi’
1571 1321 1739 1405 (Mommsen
1762 1329 1798 1384 ad

451 1433 536 1504 Corp.
563 1435 574 1488 l
598 1449 628 1490 n.
651 1426 745 1509 blo),
779 1435 833 1488 nisi
859 1434 930 1489 torte
953 1434 1008 1488 boc
1031 1433 1175 1490 vocabulo
1198 1449 1251 1502 per
1281 1433 1444 1489 convicium
1471 1434 1590 1489 asociis
1612 1433 1798 1502 increpantur

451 1535 587 1604 libertini,
622 1538 672 1606 qui
695 1541 763 1593 tunc
785 1539 912 1608 primum
942 1537 1064 1592 militare
1095 1543 1256 1608 coeperunt
1283 1529 1354 1610 (Liv.
1379 1551 1442 1606 por,
1469 1538 1518 1602 tl,
1552 1533 1676 1605 Appiau.
1702 1533 1713 1586 l
1738 1537 1792 1600 to;

450 1638 581 1695 Macrob.
600 1638 660 1695 Sat.
679 1640 690 1694 l
712 1644 758 1708 ll,
781 1645 838 1696 32:
865 1639 937 1696 bello
953 1641 1055 1696 sociali
1070 1641 1226 1696 cohortium
1241 1640 1388 1696 duodecim
1411 1655 1447 1694 cm
1470 1637 1609 1693 libertinis
1622 1640 1798 1710 couscriptu-

450 1758 513 1796 rum
544 1760 630 1814 opera
660 1743 854 1799 memorabilis
881 1745 996 1799 virtutis
1023 1745 1171 1816 apparuit,·
1205 1744 1243 1798 cl.
1275 1743 1441 1814 Marquardt
1468 1741 1744 1812 Stactcocrwcltung
1774 1742 1798 1796 ll

451 1861 480 1914 p.
501 1847 534 1900 tt
545 1837 588 1920 9).
607 1847 776 1916 —Lipsius
799 1862 864 1903 cum
889 1863 984 1918 eoque
998 1847 1130 1903 Minicius
1146 1846 1182 1901 ad
1197 1846 1307 1903 bellum
1327 1846 1433 1900 servile
1454 1843 1639 1910 rettulerunt3
1665 1827 1705 1898 ‘at
1720 1846 1797 1898 servi

450 1962 589 2018 umquam
611 1950 640 2003 iu
664 1950 767 2005 Picena
789 1949 862 2005 urbe
890 1948 1002 2005 obsessi
1029 1965 1096 2004 esse
1126 1964 1184 2006 uon
1217 1933 1379 2004 traduntur’
1411 1941 1552 2024 (Momms.
1577 1947 1596 2002 l.
1616 1939 1664 2022 l).
1712 1945 1798 2001 Cete-

451 2065 515 2103 rum
538 2050 672 2120 glandem
694 2053 787 2107 musei
818 2051 996 2106 Kiroberiani
1019 2045 1151 2125 (Corpl
1181 2067 1211 2106 n.
1237 2050 1308 2125 old)
1335 2051 1504 2121 inscriptam
1532 2050 1607 2104 servi
1634 2038 1799 2125 (psteristiss)

451 2155 580 2220 spuriam
611 2170 675 2210 esse
698 2154 826 2209 intellexi
856 2146 933 2228 (vide
956 2170 984 2209 n.
1009 2149 1088 2229 li*);
1125 2169 1214 2224 quam
1243 2156 1294 2224 qui
1322 2153 1469 2221 confinxit,
1504 2157 1622 2209 secutus
1652 2157 1695 2206 est
1722 2151 1797 2205 hanc

451 2253 536 2325 Lipsii
560 2258 838 2326 interpretationem.
869 2287 912 2296 -
933 2257 1027 2312 Tertia
1055 2273 1071 2312 a
1099 2258 1213 2313 Minicio
1244 2256 1279 2311 ad
1307 2255 1436 2328 Spartaci
1464 2254 1574 2311 bellum
1603 2254 1692 2310 relata
1715 2254 1797 2324 glans

456 2351 480 2428 (s
504 2370 518 2410 r
542 2350 566 2431 r]
597 2358 681 2415 valde
703 2366 839 2430 suspecta
862 2368 921 2428 est;
948 2360 1016 2416 vide
1038 2375 1068 2413 n.
1089 2363 1139 2416 86.

454 2586 728 2669 ll[=oorp.1x
750 2614 780 2653 u.
801 2603 894 2669 6086,
913 2592 975 2672 arv]
1016 2603 1133 2668 reperta
1156 2598 1306 2668 Corropoli
1331 2591 1368 2672 [a.
1392 2602 1472 2654 1877
1503 2596 1563 2651 vidi
1592 2595 1690 2652 Asculi
1718 2595 1796 2666 apud

494 2698 693 2755 Venturinium
716 2695 891 2774 aurificem].
938 2700 1077 2772 Robigiue
1100 2699 1166 2756 alba
1189 2701 1304 2757 obtecta
1328 2707 1381 2755 est.

452 3441 523 3497 Tab.
542 3441 614 3495 116.
661 3438 810 3510 Descripsi
831 3446 863 3494 ut
886 3453 984 3509 supra.

536 3542 643 3611 Quarta
659 3542 753 3597 littera
770 3548 799 3598 et
813 3557 915 3598 aversa
930 3541 1041 3612 glandis
1057 3558 1125 3613 pars
1141 3543 1200 3597 lere
1217 3545 1276 3598 tota
1290 3541 1365 3598 male
1381 3541 1496 3598 habitae
1512 3549 1590 3600 sunt.
1629 3544 1796 3616 Legeudum

451 3647 480 3703 C.
509 3636 638 3722 chfius)
661 3673 700 3685 -
726 3645 824 3701 G....
850 3674 893 3685 —
916 3645 948 3699 ln
970 3646 1158 3715 inscriptione
1180 3644 1266 3714 Corp.
1291 3644 1349 3700 vol.
1368 3645 1407 3700 [Χ
1430 3662 1458 3700 u.
1486 3650 1566 3703 3050
1591 3649 1652 3719 agri
1674 3648 1796 3705 fortasse

450 3749 651 3805 Sulmonensis
665 3746 792 3805 babetur
808 3749 839 3805 C.
858 3749 962 3805 Cadius
975 3748 1121 3816 Proculus,
1141 3747 1188 3802 alii
1204 3747 1261 3804 duo
1277 3747 1309 3804 C.
1327 3747 1410 3803 Kadii
1424 3747 1512 3820 Corp.
1530 3749 1589 3806 vol.
1607 3749 1634 3804 X
1649 3765 1679 3805 n.
1702 3755 1794 3808 8058.

451 3978 726 4060 15[=corp.1x
748 4004 777 4043 n.
800 3992 892 4056 6086,
912 3983 962 4064 xv]
1003 3983 1082 4064 [inde
1105 3988 1142 4044 ab
1166 4005 1193 4043 a.
1216 3991 1294 4044 ⁴868
1319 3989 1350 4041 in
1372 4002 1473 4042 museo
1487 3986 1632 4045 Asculano
1654 4005 1685 4044 u.
1706 3984 1795 4066 filil.

492 4088 601 4144 Pendet
626 4093 659 4145 38
680 4104 737 4159 gr„
765 4090 818 4146 sed
841 4091 923 4149 deest
944 4109 1023 4165 pars.
1071 4090 1240 4161 llobigiuem
1262 4088 1351 4146 habet
1373 4089 1576 4161 icrrugineam.

448 4781 519 4837 Tab.
539 4783 609 4838 115.
657 4783 805 4852 Descripsi
828 4785 859 4836 ut
882 4795 981 4849 supra.

535 4884 658 4956 Cogitari
684 4891 779 4956 potest
807 4900 853 4939 ex.
879 4899 923 4954 gr.
950 4880 987 4938 de
1009 4881 1110 4938 Marsis
1132 4881 1179 4936 vel
1201 4883 1381 4940 Marrucinis.

451 5115 493 5181 16
511 5117 564 5198 [=
574 5123 662 5196 Corp.
678 5123 719 5179 [Χ
734 5140 762 5180 3.
780 5127 874 5192 6086,
889 5117 949 5198 xvi]
987 5127 998 5178 t
1020 5137 1115 5193 nuper
1136 5137 1200 5191 rep.
1219 5137 1311 5193 prope
1326 5120 1464 5178 Asculum
1486 5126 1516 5178 iu
1538 5121 1657 5181 llumine
1668 5125 1794 5183 Truento

535 5240 605 5283 urs.
651 5227 722 5282 Eam
743 5225 879 5297 glandem
901 5226 1070 5296 frequenter
1091 5225 1121 5279 in
1139 5224 1259 5280 Truenti
1279 5226 1351 5296 ripis
1373 5231 1519 5296 repertam
1542 5241 1607 5282 esse
1630 5228 1669 5283 ait
1691 5241 1791 5285 uruit.

534 5345 564 5400 p.
585 5334 657 5398 2⁴6,
683 5336 712 5385 at
734 5335 832 5400 testes,
859 5344 934 5401 quos
955 5328 1063 5396 laudat,
1090 5327 1168 5383 idem
1189 5328 1246 5384 boc
1261 5328 1349 5399 Lipsii
1372 5329 1538 5401 exemplum
1559 5333 1770 5402 repetiverunt.
